<!DOCTYPE html>
<meta charset="utf-8" />
<!-- version 1 -->
<title>[Gen 9] NatDex Draft replay: Virtual Paradise vs. bkblastoises</title>
<style>
html,body {font-family:Verdana, sans-serif;font-size:10pt;margin:0;padding:0;}body{padding:12px 0;} .battle-log {font-family:Verdana, sans-serif;font-size:10pt;} .battle-log-inline {border:1px solid #AAAAAA;background:#EEF2F5;color:black;max-width:640px;margin:0 auto 80px;padding-bottom:5px;} .battle-log .inner {padding:4px 8px 0px 8px;} .battle-log .inner-preempt {padding:0 8px 4px 8px;} .battle-log .inner-after {margin-top:0.5em;} .battle-log h2 {margin:0.5em -8px;padding:4px 8px;border:1px solid #AAAAAA;background:#E0E7EA;border-left:0;border-right:0;font-family:Verdana, sans-serif;font-size:13pt;} .battle-log .chat {vertical-align:middle;padding:3px 0 3px 0;font-size:8pt;} .battle-log .chat strong {color:#40576A;} .battle-log .chat em {padding:1px 4px 1px 3px;color:#000000;font-style:normal;} .chat.mine {background:rgba(0,0,0,0.05);margin-left:-8px;margin-right:-8px;padding-left:8px;padding-right:8px;} .spoiler {color:#BBBBBB;background:#BBBBBB;padding:0px 3px;} .spoiler:hover, .spoiler:active, .spoiler-shown {color:#000000;background:#E2E2E2;padding:0px 3px;} .spoiler a {color:#BBBBBB;} .spoiler:hover a, .spoiler:active a, .spoiler-shown a {color:#2288CC;} .chat code, .chat .spoiler:hover code, .chat .spoiler:active code, .chat .spoiler-shown code {border:1px solid #C0C0C0;background:#EEEEEE;color:black;padding:0 2px;} .chat .spoiler code {border:1px solid #CCCCCC;background:#CCCCCC;color:#CCCCCC;} .battle-log .rated {padding:3px 4px;} .battle-log .rated strong {color:white;background:#89A;padding:1px 4px;border-radius:4px;} .spacer {margin-top:0.5em;} .message-announce {background:#6688AA;color:white;padding:1px 4px 2px;} .message-announce a, .broadcast-green a, .broadcast-blue a, .broadcast-red a {color:#DDEEFF;} .broadcast-green {background-color:#559955;color:white;padding:2px 4px;} .broadcast-blue {background-color:#6688AA;color:white;padding:2px 4px;} .infobox {border:1px solid #6688AA;padding:2px 4px;} .infobox-limited {max-height:200px;overflow:auto;overflow-x:hidden;} .broadcast-red {background-color:#AA5544;color:white;padding:2px 4px;} .message-learn-canlearn {font-weight:bold;color:#228822;text-decoration:underline;} .message-learn-cannotlearn {font-weight:bold;color:#CC2222;text-decoration:underline;} .message-effect-weak {font-weight:bold;color:#CC2222;} .message-effect-resist {font-weight:bold;color:#6688AA;} .message-effect-immune {font-weight:bold;color:#666666;} .message-learn-list {margin-top:0;margin-bottom:0;} .message-throttle-notice, .message-error {color:#992222;} .message-overflow, .chat small.message-overflow {font-size:0pt;} .message-overflow::before {font-size:9pt;content:'...';} .subtle {color:#3A4A66;}
</style>
<div class="wrapper replay-wrapper" style="max-width:1180px;margin:0 auto">
<input type="hidden" name="replayid" value="gen9natdexdraft-2365415706" />
<div class="battle"></div><div class="battle-log"></div><div class="replay-controls"></div><div class="replay-controls-2"></div>
<h1 style="font-weight:normal;text-align:center"><strong>[Gen 9] NatDex Draft</strong><br /><a href="http://pokemonshowdown.com/users/virtualparadise" class="subtle" target="_blank">Virtual Paradise</a> vs. <a href="http://pokemonshowdown.com/users/bkblastoises" class="subtle" target="_blank">bkblastoises</a></h1>
<script type="text/plain" class="battle-log-data">
|j|☆Virtual Paradise
|j|☆bkblastoises
|t:|1747415042
|gametype|singles
|player|p1|Virtual Paradise|caitlin-gen4|
|player|p2|bkblastoises|sabrina-lgpe|
|teamsize|p1|6
|teamsize|p2|6
|gen|9
|tier|[Gen 9] NatDex Draft
|rule|Sleep Clause Mod: Limit one foe put to sleep
|rule|OHKO Clause: OHKO moves are banned
|rule|Evasion Clause: Evasion abilities, items, and moves are banned
|rule|Evasion Abilities Clause: Evasion abilities are banned
|rule|Evasion Items Clause: Evasion items are banned
|rule|Evasion Moves Clause: Evasion moves are banned
|rule|Endless Battle Clause: Forcing endless battles is banned
|rule|HP Percentage Mod: HP is shown in percentages
|clearpoke
|poke|p1|Palafin, M|
|poke|p1|Rillaboom, F|
|poke|p1|Swampert, F|
|poke|p1|Roaring Moon|
|poke|p1|Tinkaton, F|
|poke|p1|Dudunsparce-*, F|
|poke|p2|Gouging Fire|
|poke|p2|Lopunny, M|
|poke|p2|Escavalier, F|
|poke|p2|Cradily, M|
|poke|p2|Greninja-*, M|
|poke|p2|Deoxys-Speed|
|teampreview
|c|☆Virtual Paradise|glhf!
|c|☆bkblastoises|no u
|
|t:|1747415085
|start
|switch|p1a: Adventure|Rillaboom, F|100\/100
|switch|p2a: Deoxys|Deoxys-Speed|100\/100
|-ability|p2a: Deoxys|Pressure
|-fieldstart|move: Grassy Terrain|[from] ability: Grassy Surge|[of] p1a: Adventure
|turn|1
|
|t:|1747415093
|move|p2a: Deoxys|Stealth Rock|p1a: Adventure
|-sidestart|p1: Virtual Paradise|move: Stealth Rock
|move|p1a: Adventure|U-turn|p2a: Deoxys
|-supereffective|p2a: Deoxys
|-enditem|p2a: Deoxys|Focus Sash
|-damage|p2a: Deoxys|1\/100
|
|t:|1747415097
|switch|p1a: Abyss|Roaring Moon|100\/100|[from] U-turn
|-damage|p1a: Abyss|88\/100|[from] Stealth Rock
|
|-heal|p1a: Abyss|94\/100|[from] Grassy Terrain
|-heal|p2a: Deoxys|7\/100|[from] Grassy Terrain
|upkeep
|turn|2
|
|t:|1747415102
|move|p1a: Abyss|U-turn|p2a: Deoxys
|-supereffective|p2a: Deoxys
|-damage|p2a: Deoxys|0 fnt
|faint|p2a: Deoxys
|
|t:|1747415106
|-end|p1a: Abyss|Protosynthesis|[silent]
|switch|p1a: Aquatic|Palafin, M|100\/100|[from] U-turn
|-damage|p1a: Aquatic|88\/100|[from] Stealth Rock
|
|-heal|p1a: Aquatic|94\/100|[from] Grassy Terrain
|-heal|p1a: Aquatic|100\/100|[from] item: Leftovers
|upkeep
|
|t:|1747415119
|switch|p2a: Lopunny|Lopunny, M|100\/100
|turn|3
|
|t:|1747415124
|detailschange|p1a: Aquatic|Palafin-Hero, M
|switch|p1a: Checkmate|Dudunsparce, F|100\/100
|-damage|p1a: Checkmate|88\/100|[from] Stealth Rock
|detailschange|p2a: Lopunny|Lopunny-Mega, M
|-mega|p2a: Lopunny|Lopunny|Lopunnite
|move|p2a: Lopunny|Close Combat|p1a: Checkmate
|-supereffective|p1a: Checkmate
|-damage|p1a: Checkmate|5\/100
|-unboost|p2a: Lopunny|def|1
|-unboost|p2a: Lopunny|spd|1
|-damage|p2a: Lopunny|84\/100|[from] item: Rocky Helmet|[of] p1a: Checkmate
|
|-heal|p2a: Lopunny|90\/100|[from] Grassy Terrain
|-heal|p1a: Checkmate|11\/100|[from] Grassy Terrain
|upkeep
|turn|4
|j| bluefox08
|
|t:|1747415132
|-terastallize|p1a: Checkmate|Fairy
|move|p2a: Lopunny|Return|p1a: Checkmate
|-damage|p1a: Checkmate|0 fnt
|-damage|p2a: Lopunny|73\/100|[from] item: Rocky Helmet|[of] p1a: Checkmate
|faint|p1a: Checkmate
|
|-heal|p2a: Lopunny|79\/100|[from] Grassy Terrain
|upkeep
|
|t:|1747415137
|switch|p1a: Adventure|Rillaboom, F|100\/100
|-damage|p1a: Adventure|88\/100|[from] Stealth Rock
|turn|5
|
|t:|1747415147
|switch|p2a: Escavalier|Escavalier, F|100\/100
|move|p1a: Adventure|U-turn|p2a: Escavalier
|-resisted|p2a: Escavalier
|-crit|p2a: Escavalier
|-damage|p2a: Escavalier|72\/100
|
|t:|1747415152
|switch|p1a: Toy Quest|Tinkaton, F|100\/100|[from] U-turn
|-damage|p1a: Toy Quest|94\/100|[from] Stealth Rock
|-ability|p1a: Toy Quest|Mold Breaker
|
|-heal|p1a: Toy Quest|100\/100|[from] Grassy Terrain
|-heal|p2a: Escavalier|78\/100|[from] Grassy Terrain
|-fieldend|move: Grassy Terrain
|upkeep
|turn|6
|
|t:|1747415158
|move|p1a: Toy Quest|Knock Off|p2a: Escavalier
|-damage|p2a: Escavalier|61\/100
|-enditem|p2a: Escavalier|Custap Berry|[from] move: Knock Off|[of] p1a: Toy Quest
|move|p2a: Escavalier|Encore|p1a: Toy Quest
|-start|p1a: Toy Quest|Encore
|
|upkeep
|turn|7
|
|t:|1747415176
|switch|p1a: Aquatic|Palafin-Hero, M|100\/100
|-damage|p1a: Aquatic|88\/100|[from] Stealth Rock
|-activate|p1a: Aquatic|ability: Zero to Hero
|switch|p2a: Lopunny|Lopunny-Mega, M|79\/100
|
|-heal|p1a: Aquatic|94\/100|[from] item: Leftovers
|upkeep
|turn|8
|
|t:|1747415181
|move|p2a: Lopunny|Fake Out|p1a: Aquatic
|-crit|p1a: Aquatic
|-damage|p1a: Aquatic|64\/100
|cant|p1a: Aquatic|flinch
|
|-heal|p1a: Aquatic|70\/100|[from] item: Leftovers
|upkeep
|turn|9
|
|t:|1747415196
|switch|p2a: Escavalier|Escavalier, F|61\/100
|move|p1a: Aquatic|Jet Punch|p2a: Escavalier
|-damage|p2a: Escavalier|26\/100
|
|-heal|p1a: Aquatic|76\/100|[from] item: Leftovers
|upkeep
|turn|10
|
|t:|1747415213
|move|p1a: Aquatic|Liquidation|p2a: Escavalier
|-damage|p2a: Escavalier|0 fnt
|faint|p2a: Escavalier
|
|-heal|p1a: Aquatic|82\/100|[from] item: Leftovers
|upkeep
|
|t:|1747415218
|switch|p2a: Cradily|Cradily, M|100\/100
|turn|11
|
|t:|1747415228
|-terastallize|p2a: Cradily|Fire
|move|p1a: Aquatic|Taunt|p2a: Cradily
|-start|p2a: Cradily|move: Taunt
|cant|p2a: Cradily|move: Taunt|Curse
|
|-heal|p1a: Aquatic|88\/100|[from] item: Leftovers
|upkeep
|turn|12
|
|t:|1747415234
|switch|p1a: Toy Quest|Tinkaton, F|100\/100
|-damage|p1a: Toy Quest|94\/100|[from] Stealth Rock
|-ability|p1a: Toy Quest|Mold Breaker
|move|p2a: Cradily|Bullet Seed|p1a: Toy Quest
|-resisted|p1a: Toy Quest
|-damage|p1a: Toy Quest|88\/100
|-resisted|p1a: Toy Quest
|-damage|p1a: Toy Quest|82\/100
|-resisted|p1a: Toy Quest
|-damage|p1a: Toy Quest|76\/100
|-resisted|p1a: Toy Quest
|-damage|p1a: Toy Quest|71\/100
|-hitcount|p1a: Toy Quest|4
|
|-heal|p1a: Toy Quest|77\/100|[from] item: Leftovers
|upkeep
|turn|13
|
|t:|1747415240
|switch|p2a: Lopunny|Lopunny-Mega, M|79\/100
|move|p1a: Toy Quest|Thunder Wave|p2a: Lopunny
|-status|p2a: Lopunny|par
|
|-heal|p1a: Toy Quest|83\/100|[from] item: Leftovers
|upkeep
|turn|14
|
|t:|1747415261
|switch|p1a: Azure Blue|Swampert, F|100\/100
|-damage|p1a: Azure Blue|94\/100|[from] Stealth Rock
|cant|p2a: Lopunny|par
|
|-heal|p1a: Azure Blue|100\/100|[from] item: Leftovers
|upkeep
|turn|15
|
|t:|1747415270
|move|p2a: Lopunny|Close Combat|p1a: Azure Blue
|-damage|p1a: Azure Blue|61\/100
|-unboost|p2a: Lopunny|def|1
|-unboost|p2a: Lopunny|spd|1
|move|p1a: Azure Blue|Earth Power|p2a: Lopunny
|-damage|p2a: Lopunny|33\/100 par
|
|-heal|p1a: Azure Blue|67\/100|[from] item: Leftovers
|upkeep
|turn|16
|
|t:|1747415276
|switch|p1a: Aquatic|Palafin-Hero, M|88\/100
|-damage|p1a: Aquatic|76\/100|[from] Stealth Rock
|move|p2a: Lopunny|Close Combat|p1a: Aquatic
|-damage|p1a: Aquatic|10\/100
|-unboost|p2a: Lopunny|def|1
|-unboost|p2a: Lopunny|spd|1
|
|-heal|p1a: Aquatic|16\/100|[from] item: Leftovers
|upkeep
|turn|17
|
|t:|1747415279
|move|p1a: Aquatic|Jet Punch|p2a: Lopunny
|-damage|p2a: Lopunny|0 fnt
|faint|p2a: Lopunny
|
|-heal|p1a: Aquatic|23\/100|[from] item: Leftovers
|upkeep
|
|t:|1747415286
|switch|p2a: Greninja|Greninja, M|100\/100
|turn|18
|
|t:|1747415304
|move|p1a: Aquatic|Jet Punch|p2a: Greninja
|-resisted|p2a: Greninja
|-damage|p2a: Greninja|73\/100
|move|p2a: Greninja|Liquidation|p1a: Aquatic
|-resisted|p1a: Aquatic
|-damage|p1a: Aquatic|1\/100
|-damage|p2a: Greninja|63\/100|[from] item: Life Orb
|
|-heal|p1a: Aquatic|7\/100|[from] item: Leftovers
|upkeep
|turn|19
|
|t:|1747415311
|move|p2a: Greninja|Upper Hand|p1a: Aquatic
|-damage|p1a: Aquatic|0 fnt
|faint|p1a: Aquatic
|-ability|p2a: Greninja|Battle Bond|boost
|-boost|p2a: Greninja|atk|1
|-boost|p2a: Greninja|spa|1
|-boost|p2a: Greninja|spe|1
|-activate|p2a: Greninja|ability: Battle Bond
|-damage|p2a: Greninja|53\/100|[from] item: Life Orb
|
|upkeep
|
|t:|1747415328
|switch|p1a: Adventure|Rillaboom, F|88\/100
|-damage|p1a: Adventure|76\/100|[from] Stealth Rock
|-fieldstart|move: Grassy Terrain|[from] ability: Grassy Surge|[of] p1a: Adventure
|turn|20
|
|t:|1747415337
|move|p2a: Greninja|Upper Hand||[still]
|-fail|p2a: Greninja
|move|p1a: Adventure|Wood Hammer|p2a: Greninja
|-supereffective|p2a: Greninja
|-damage|p2a: Greninja|0 fnt
|faint|p2a: Greninja
|-damage|p1a: Adventure|63\/100|[from] Recoil
|
|-heal|p1a: Adventure|69\/100|[from] Grassy Terrain
|upkeep
|
|t:|1747415342
|switch|p2a: Gouging Fire|Gouging Fire|100\/100
|turn|21
|
|t:|1747415348
|switch|p1a: Abyss|Roaring Moon|94\/100
|-damage|p1a: Abyss|82\/100|[from] Stealth Rock
|move|p2a: Gouging Fire|Dragon Dance|p2a: Gouging Fire
|-boost|p2a: Gouging Fire|atk|1
|-boost|p2a: Gouging Fire|spe|1
|
|-heal|p1a: Abyss|88\/100|[from] Grassy Terrain
|upkeep
|turn|22
|
|t:|1747415351
|move|p2a: Gouging Fire|Burning Bulwark|p2a: Gouging Fire
|-singleturn|p2a: Gouging Fire|move: Protect
|move|p1a: Abyss|Outrage|p2a: Gouging Fire
|-activate|p2a: Gouging Fire|move: Protect
|-status|p1a: Abyss|brn
|
|-heal|p1a: Abyss|94\/100 brn|[from] Grassy Terrain
|-damage|p1a: Abyss|88\/100 brn|[from] brn
|upkeep
|turn|23
|
|t:|1747415383
|move|p1a: Abyss|Outrage|p2a: Gouging Fire
|-supereffective|p2a: Gouging Fire
|-damage|p2a: Gouging Fire|46\/100
|move|p2a: Gouging Fire|Dragon Dance|p2a: Gouging Fire
|-boost|p2a: Gouging Fire|atk|1
|-boost|p2a: Gouging Fire|spe|1
|
|-heal|p2a: Gouging Fire|52\/100|[from] Grassy Terrain
|-heal|p1a: Abyss|94\/100 brn|[from] Grassy Terrain
|-damage|p1a: Abyss|88\/100 brn|[from] brn
|upkeep
|turn|24
|
|t:|1747415387
|move|p2a: Gouging Fire|Scale Shot|p1a: Abyss
|-supereffective|p1a: Abyss
|-damage|p1a: Abyss|25\/100 brn
|-supereffective|p1a: Abyss
|-damage|p1a: Abyss|0 fnt
|faint|p1a: Abyss
|-end|p1a: Abyss|Protosynthesis|[silent]
|-hitcount|p1: Abyss|2
|-unboost|p2a: Gouging Fire|def|1
|-boost|p2a: Gouging Fire|spe|1
|
|-heal|p2a: Gouging Fire|59\/100|[from] Grassy Terrain
|-fieldend|move: Grassy Terrain
|upkeep
|
|t:|1747415388
|switch|p1a: Azure Blue|Swampert, F|67\/100
|-damage|p1a: Azure Blue|61\/100|[from] Stealth Rock
|turn|25
|
|t:|1747415392
|move|p2a: Gouging Fire|Scale Shot|p1a: Azure Blue
|-damage|p1a: Azure Blue|44\/100
|-damage|p1a: Azure Blue|26\/100
|-damage|p1a: Azure Blue|11\/100
|-damage|p1a: Azure Blue|0 fnt
|faint|p1a: Azure Blue
|-hitcount|p1: Azure Blue|4
|-unboost|p2a: Gouging Fire|def|1
|-boost|p2a: Gouging Fire|spe|1
|
|upkeep
|
|t:|1747415396
|switch|p1a: Adventure|Rillaboom, F|69\/100
|-damage|p1a: Adventure|57\/100|[from] Stealth Rock
|-fieldstart|move: Grassy Terrain|[from] ability: Grassy Surge|[of] p1a: Adventure
|turn|26
|
|t:|1747415399
|move|p1a: Adventure|Grassy Glide|p2a: Gouging Fire
|-resisted|p2a: Gouging Fire
|-damage|p2a: Gouging Fire|34\/100
|move|p2a: Gouging Fire|Heat Crash|p1a: Adventure
|-supereffective|p1a: Adventure
|-damage|p1a: Adventure|0 fnt
|faint|p1a: Adventure
|
|-heal|p2a: Gouging Fire|40\/100|[from] Grassy Terrain
|upkeep
|
|t:|1747415401
|switch|p1a: Toy Quest|Tinkaton, F|83\/100
|-damage|p1a: Toy Quest|77\/100|[from] Stealth Rock
|-ability|p1a: Toy Quest|Mold Breaker
|turn|27
|
|t:|1747415403
|move|p2a: Gouging Fire|Heat Crash|p1a: Toy Quest
|-supereffective|p1a: Toy Quest
|-damage|p1a: Toy Quest|0 fnt
|faint|p1a: Toy Quest
|
|win|bkblastoises
|c|☆bkblastoises|gg
|c|☆Virtual Paradise|this pokemon's so stupid lol
|c|☆Virtual Paradise|gg
|j| quirkyturtle
|l|☆bkblastoises
|player|p2|
|raw|<div class="broadcast-red"><b>Due to technical difficulties, the ladder has been temporarily disabled.<\/b><br \/>Rated games will no longer update the ladder. It will be back momentarily.<\/div>
|l| quirkyturtle

</script>
</div>
<div class="battle-log battle-log-inline"><div class="inner"><div class="battle-options"></div><div class="inner message-log"><div class="chat"><small>☆Virtual Paradise and ☆bkblastoises joined</small></div><div class=""><small>Format:</small> <br><strong>[Gen 9] NatDex Draft</strong></div><div class=""><small><em>Sleep Clause Mod:</em> Limit one foe put to sleep</small></div><div class=""><small><em>OHKO Clause:</em> OHKO moves are banned</small></div><div class=""><small><em>Evasion Clause:</em> Evasion abilities, items, and moves are banned</small></div><div class=""><small><em>Evasion Abilities Clause:</em> Evasion abilities are banned</small></div><div class=""><small><em>Evasion Items Clause:</em> Evasion items are banned</small></div><div class=""><small><em>Evasion Moves Clause:</em> Evasion moves are banned</small></div><div class=""><small><em>Endless Battle Clause:</em> Forcing endless battles is banned</small></div><div class=""><small><em>HP Percentage Mod:</em> HP is shown in percentages</small></div><div class="chat battle-history"><strong>Virtual Paradise's team:</strong> <em style="color:#445566;display:block;">Palafin / Rillaboom / Swampert / Roaring Moon / Tinkaton / Dudunsparce-*</em></div><div class="chat battle-history"><strong>bkblastoises's team:</strong> <em style="color:#445566;display:block;">Gouging Fire / Lopunny / Escavalier / Cradily / Greninja-* / Deoxys-Speed</em></div><div class="chat chatmessage-virtualparadise"><strong style="color:#8659cf"><small class="groupsymbol">☆</small><span class="username">Virtual Paradise</span>:</strong> <em>glhf!</em></div><div class="chat chatmessage-bkblastoises"><strong style="color:#419f81"><small class="groupsymbol">☆</small><span class="username">bkblastoises</span>:</strong> <em>no u</em></div><div class="spacer battle-history"><br></div><div class="battle-history">Battle started between Virtual Paradise and bkblastoises!<br></div><div class="spacer battle-history"><br></div><div class="battle-history">Go! Adventure (<strong>Rillaboom</strong>)!<br></div><div class="spacer battle-history"><br></div><div class="battle-history">bkblastoises sent out Deoxys (<strong>Deoxys-Speed</strong>)!<br></div><div class="battle-history">[The opposing Deoxys's Pressure]<br><small>The opposing Deoxys is exerting its pressure!</small><br></div><div class="battle-history">[Adventure's Grassy Surge]<br><small>Grass grew to cover the battlefield!</small><br></div><div class="spacer battle-history"><br></div><h2 class="battle-history">Turn 1</h2><div class="spacer battle-history"><br></div><div class="battle-history">The opposing Deoxys used <strong>Stealth Rock</strong>!<br></div><div class="battle-history"><small>Pointed stones float in the air around your team!</small><br></div><div class="spacer battle-history"><br></div><div class="battle-history">Adventure used <strong>U-turn</strong>!<br></div><div class="battle-history"><small>It's super effective!</small><br></div><div class="battle-history"><small>The opposing Deoxys hung on using its Focus Sash!</small><br></div><div class="battle-history"><small>(The opposing Deoxys lost 99% of its health!)</small><br></div><div class="spacer battle-history"><br></div><div class="battle-history">Adventure went back to Virtual Paradise!<br></div><div class="battle-history">Go! Abyss (<strong>Roaring Moon</strong>)!<br></div><div class="battle-history"><small>Pointed stones dug into Abyss!</small><br></div><div class="spacer battle-history"><br></div><div class="battle-history"><small>Abyss's HP was restored.</small><br></div><div class="battle-history"><small>The opposing Deoxys's HP was restored.</small><br></div><div class="spacer battle-history"><br></div><h2 class="battle-history">Turn 2</h2><div class="spacer battle-history"><br></div><div class="battle-history">Abyss used <strong>U-turn</strong>!<br></div><div class="battle-history"><small>It's super effective!</small><br></div><div class="battle-history"><small>(The opposing Deoxys lost 7% of its health!)</small><br></div><div class="spacer battle-history"><br></div><div class="battle-history">The opposing Deoxys fainted!<br></div><div class="spacer battle-history"><br></div><div class="battle-history">Abyss went back to Virtual Paradise!<br></div><div class="battle-history">Go! Aquatic (<strong>Palafin</strong>)!<br></div><div class="battle-history"><small>Pointed stones dug into Aquatic!</small><br></div><div class="spacer battle-history"><br></div><div class="battle-history"><small>Aquatic's HP was restored.</small><br></div><div class="battle-history"><small>Aquatic restored a little HP using its Leftovers!</small><br></div><div class="spacer battle-history"><br></div><div class="battle-history">bkblastoises sent out <strong>Lopunny</strong>!<br></div><div class="spacer battle-history"><br></div><h2 class="battle-history">Turn 3</h2><div class="spacer battle-history"><br></div><div class="battle-history">Aquatic, come back!<br></div><div class="battle-history">Go! Checkmate (<strong>Dudunsparce</strong>)!<br></div><div class="battle-history"><small>Pointed stones dug into Checkmate!</small><br></div><div class="spacer battle-history"><br></div><div class="battle-history"><small>The opposing Lopunny's Lopunnite is reacting to the Key Stone!</small><br>The opposing Lopunny has Mega Evolved into Mega Lopunny!<br></div><div class="spacer battle-history"><br></div><div class="battle-history">The opposing Lopunny used <strong>Close Combat</strong>!<br></div><div class="battle-history"><small>It's super effective!</small><br></div><div class="battle-history"><small>(Checkmate lost 83% of its health!)</small><br></div><div class="battle-history"><small>The opposing Lopunny's Defense fell!</small><br></div><div class="battle-history"><small>The opposing Lopunny's Sp. Def fell!</small><br></div><div class="battle-history"><small>The opposing Lopunny was hurt by the Rocky Helmet!</small><br></div><div class="spacer battle-history"><br></div><div class="battle-history"><small>The opposing Lopunny's HP was restored.</small><br></div><div class="battle-history"><small>Checkmate's HP was restored.</small><br></div><div class="spacer battle-history"><br></div><h2 class="battle-history">Turn 4</h2><div class="chat"><small> bluefox08 joined</small></div><div class="spacer battle-history"><br></div><div class="battle-history"><small>Checkmate has Terastallized into the Fairy-type!</small><br></div><div class="spacer battle-history"><br></div><div class="battle-history">The opposing Lopunny used <strong>Return</strong>!<br></div><div class="battle-history"><small>(Checkmate lost 11% of its health!)</small><br></div><div class="battle-history"><small>The opposing Lopunny was hurt by the Rocky Helmet!</small><br></div><div class="spacer battle-history"><br></div><div class="battle-history">Checkmate fainted!<br></div><div class="spacer battle-history"><br></div><div class="battle-history"><small>The opposing Lopunny's HP was restored.</small><br></div><div class="spacer battle-history"><br></div><div class="battle-history">Go! Adventure (<strong>Rillaboom</strong>)!<br></div><div class="battle-history"><small>Pointed stones dug into Adventure!</small><br></div><div class="spacer battle-history"><br></div><h2 class="battle-history">Turn 5</h2><div class="spacer battle-history"><br></div><div class="battle-history">bkblastoises withdrew Lopunny!<br></div><div class="battle-history">bkblastoises sent out <strong>Escavalier</strong>!<br></div><div class="spacer battle-history"><br></div><div class="battle-history">Adventure used <strong>U-turn</strong>!<br></div><div class="battle-history"><small>It's not very effective...</small><br></div><div class="battle-history"><small>A critical hit!</small><br></div><div class="battle-history"><small>(The opposing Escavalier lost 28% of its health!)</small><br></div><div class="spacer battle-history"><br></div><div class="battle-history">Adventure went back to Virtual Paradise!<br></div><div class="battle-history">Go! Toy Quest (<strong>Tinkaton</strong>)!<br></div><div class="battle-history"><small>Pointed stones dug into Toy Quest!</small><br></div><div class="battle-history">[Toy Quest's Mold Breaker]<br><small>Toy Quest breaks the mold!</small><br></div><div class="spacer battle-history"><br></div><div class="battle-history"><small>Toy Quest's HP was restored.</small><br></div><div class="battle-history"><small>The opposing Escavalier's HP was restored.</small><br></div><div class="battle-history"><small>The grass disappeared from the battlefield.</small><br></div><div class="spacer battle-history"><br></div><h2 class="battle-history">Turn 6</h2><div class="spacer battle-history"><br></div><div class="battle-history">Toy Quest used <strong>Knock Off</strong>!<br></div><div class="battle-history"><small>(The opposing Escavalier lost 17% of its health!)</small><br></div><div class="battle-history"><small>Toy Quest knocked off the opposing Escavalier's Custap Berry!</small><br></div><div class="spacer battle-history"><br></div><div class="battle-history">The opposing Escavalier used <strong>Encore</strong>!<br></div><div class="battle-history"><small>Toy Quest must do an encore!</small><br></div><div class="spacer battle-history"><br></div><h2 class="battle-history">Turn 7</h2><div class="spacer battle-history"><br></div><div class="battle-history">Toy Quest, come back!<br></div><div class="battle-history">Go! Aquatic (<strong>Palafin-Hero</strong>)!<br></div><div class="battle-history"><small>Pointed stones dug into Aquatic!</small><br></div><div class="battle-history">[Aquatic's Zero to Hero]<br><small>Aquatic underwent a heroic transformation!</small><br></div><div class="spacer battle-history"><br></div><div class="battle-history">bkblastoises withdrew Escavalier!<br></div><div class="battle-history">bkblastoises sent out Lopunny (<strong>Lopunny-Mega</strong>)!<br></div><div class="spacer battle-history"><br></div><div class="battle-history"><small>Aquatic restored a little HP using its Leftovers!</small><br></div><div class="spacer battle-history"><br></div><h2 class="battle-history">Turn 8</h2><div class="spacer battle-history"><br></div><div class="battle-history">The opposing Lopunny used <strong>Fake Out</strong>!<br></div><div class="battle-history"><small>A critical hit!</small><br></div><div class="battle-history"><small>(Aquatic lost 30% of its health!)</small><br></div><div class="spacer battle-history"><br></div><div class="battle-history">Aquatic flinched and couldn't move!<br></div><div class="spacer battle-history"><br></div><div class="battle-history"><small>Aquatic restored a little HP using its Leftovers!</small><br></div><div class="spacer battle-history"><br></div><h2 class="battle-history">Turn 9</h2><div class="spacer battle-history"><br></div><div class="battle-history">bkblastoises withdrew Lopunny!<br></div><div class="battle-history">bkblastoises sent out <strong>Escavalier</strong>!<br></div><div class="spacer battle-history"><br></div><div class="battle-history">Aquatic used <strong>Jet Punch</strong>!<br></div><div class="battle-history"><small>(The opposing Escavalier lost 35% of its health!)</small><br></div><div class="spacer battle-history"><br></div><div class="battle-history"><small>Aquatic restored a little HP using its Leftovers!</small><br></div><div class="spacer battle-history"><br></div><h2 class="battle-history">Turn 10</h2><div class="spacer battle-history"><br></div><div class="battle-history">Aquatic used <strong>Liquidation</strong>!<br></div><div class="battle-history"><small>(The opposing Escavalier lost 26% of its health!)</small><br></div><div class="spacer battle-history"><br></div><div class="battle-history">The opposing Escavalier fainted!<br></div><div class="spacer battle-history"><br></div><div class="battle-history"><small>Aquatic restored a little HP using its Leftovers!</small><br></div><div class="spacer battle-history"><br></div><div class="battle-history">bkblastoises sent out <strong>Cradily</strong>!<br></div><div class="spacer battle-history"><br></div><h2 class="battle-history">Turn 11</h2><div class="spacer battle-history"><br></div><div class="battle-history"><small>The opposing Cradily has Terastallized into the Fire-type!</small><br></div><div class="spacer battle-history"><br></div><div class="battle-history">Aquatic used <strong>Taunt</strong>!<br></div><div class="battle-history"><small>The opposing Cradily fell for the taunt!</small><br></div><div class="spacer battle-history"><br></div><div class="battle-history">The opposing Cradily can't use Curse after the taunt!<br></div><div class="spacer battle-history"><br></div><div class="battle-history"><small>Aquatic restored a little HP using its Leftovers!</small><br></div><div class="spacer battle-history"><br></div><h2 class="battle-history">Turn 12</h2><div class="spacer battle-history"><br></div><div class="battle-history">Aquatic, come back!<br></div><div class="battle-history">Go! Toy Quest (<strong>Tinkaton</strong>)!<br></div><div class="battle-history"><small>Pointed stones dug into Toy Quest!</small><br></div><div class="battle-history">[Toy Quest's Mold Breaker]<br><small>Toy Quest breaks the mold!</small><br></div><div class="spacer battle-history"><br></div><div class="battle-history">The opposing Cradily used <strong>Bullet Seed</strong>!<br></div><div class="battle-history"><small>It's not very effective...</small><br></div><div class="battle-history"><small>(Toy Quest lost 6% of its health!)</small><br></div><div class="battle-history"><small>It's not very effective...</small><br></div><div class="battle-history"><small>(Toy Quest lost 6% of its health!)</small><br></div><div class="battle-history"><small>It's not very effective...</small><br></div><div class="battle-history"><small>(Toy Quest lost 6% of its health!)</small><br></div><div class="battle-history"><small>It's not very effective...</small><br></div><div class="battle-history"><small>(Toy Quest lost 5% of its health!)</small><br></div><div class="battle-history"><small>The Pokémon was hit 4 times!</small><br></div><div class="spacer battle-history"><br></div><div class="battle-history"><small>Toy Quest restored a little HP using its Leftovers!</small><br></div><div class="spacer battle-history"><br></div><h2 class="battle-history">Turn 13</h2><div class="spacer battle-history"><br></div><div class="battle-history">bkblastoises withdrew Cradily!<br></div><div class="battle-history">bkblastoises sent out Lopunny (<strong>Lopunny-Mega</strong>)!<br></div><div class="spacer battle-history"><br></div><div class="battle-history">Toy Quest used <strong>Thunder Wave</strong>!<br></div><div class="battle-history"><small>The opposing Lopunny is paralyzed! It may be unable to move!</small><br></div><div class="spacer battle-history"><br></div><div class="battle-history"><small>Toy Quest restored a little HP using its Leftovers!</small><br></div><div class="spacer battle-history"><br></div><h2 class="battle-history">Turn 14</h2><div class="spacer battle-history"><br></div><div class="battle-history">Toy Quest, come back!<br></div><div class="battle-history">Go! Azure Blue (<strong>Swampert</strong>)!<br></div><div class="battle-history"><small>Pointed stones dug into Azure Blue!</small><br></div><div class="spacer battle-history"><br></div><div class="battle-history">The opposing Lopunny is paralyzed! It can't move!<br></div><div class="spacer battle-history"><br></div><div class="battle-history"><small>Azure Blue restored a little HP using its Leftovers!</small><br></div><div class="spacer battle-history"><br></div><h2 class="battle-history">Turn 15</h2><div class="spacer battle-history"><br></div><div class="battle-history">The opposing Lopunny used <strong>Close Combat</strong>!<br></div><div class="battle-history"><small>(Azure Blue lost 39% of its health!)</small><br></div><div class="battle-history"><small>The opposing Lopunny's Defense fell!</small><br></div><div class="battle-history"><small>The opposing Lopunny's Sp. Def fell!</small><br></div><div class="spacer battle-history"><br></div><div class="battle-history">Azure Blue used <strong>Earth Power</strong>!<br></div><div class="battle-history"><small>(The opposing Lopunny lost 46% of its health!)</small><br></div><div class="spacer battle-history"><br></div><div class="battle-history"><small>Azure Blue restored a little HP using its Leftovers!</small><br></div><div class="spacer battle-history"><br></div><h2 class="battle-history">Turn 16</h2><div class="spacer battle-history"><br></div><div class="battle-history">Azure Blue, come back!<br></div><div class="battle-history">Go! Aquatic (<strong>Palafin-Hero</strong>)!<br></div><div class="battle-history"><small>Pointed stones dug into Aquatic!</small><br></div><div class="spacer battle-history"><br></div><div class="battle-history">The opposing Lopunny used <strong>Close Combat</strong>!<br></div><div class="battle-history"><small>(Aquatic lost 66% of its health!)</small><br></div><div class="battle-history"><small>The opposing Lopunny's Defense fell!</small><br></div><div class="battle-history"><small>The opposing Lopunny's Sp. Def fell!</small><br></div><div class="spacer battle-history"><br></div><div class="battle-history"><small>Aquatic restored a little HP using its Leftovers!</small><br></div><div class="spacer battle-history"><br></div><h2 class="battle-history">Turn 17</h2><div class="spacer battle-history"><br></div><div class="battle-history">Aquatic used <strong>Jet Punch</strong>!<br></div><div class="battle-history"><small>(The opposing Lopunny lost 33% of its health!)</small><br></div><div class="spacer battle-history"><br></div><div class="battle-history">The opposing Lopunny fainted!<br></div><div class="spacer battle-history"><br></div><div class="battle-history"><small>Aquatic restored a little HP using its Leftovers!</small><br></div><div class="spacer battle-history"><br></div><div class="battle-history">bkblastoises sent out <strong>Greninja</strong>!<br></div><div class="spacer battle-history"><br></div><h2 class="battle-history">Turn 18</h2><div class="spacer battle-history"><br></div><div class="battle-history">Aquatic used <strong>Jet Punch</strong>!<br></div><div class="battle-history"><small>It's not very effective...</small><br></div><div class="battle-history"><small>(The opposing Greninja lost 27% of its health!)</small><br></div><div class="spacer battle-history"><br></div><div class="battle-history">The opposing Greninja used <strong>Liquidation</strong>!<br></div><div class="battle-history"><small>It's not very effective...</small><br></div><div class="battle-history"><small>(Aquatic lost 22% of its health!)</small><br></div><div class="battle-history"><small>The opposing Greninja lost some of its HP!</small><br></div><div class="spacer battle-history"><br></div><div class="battle-history"><small>Aquatic restored a little HP using its Leftovers!</small><br></div><div class="spacer battle-history"><br></div><h2 class="battle-history">Turn 19</h2><div class="spacer battle-history"><br></div><div class="battle-history">The opposing Greninja used <strong>Upper Hand</strong>!<br></div><div class="battle-history"><small>(Aquatic lost 7% of its health!)</small><br></div><div class="spacer battle-history"><br></div><div class="battle-history">Aquatic fainted!<br></div><div class="battle-history">[The opposing Greninja's Battle Bond]<br></div><div class="battle-history"><small>The opposing Greninja's Attack rose!</small><br></div><div class="battle-history"><small>The opposing Greninja's Sp. Atk rose!</small><br></div><div class="battle-history"><small>The opposing Greninja's Speed rose!</small><br></div><div class="battle-history">[The opposing Greninja's Battle Bond]<br><small>The opposing Greninja became fully charged due to its bond with its Trainer!</small><br></div><div class="battle-history"><small>The opposing Greninja lost some of its HP!</small><br></div><div class="spacer battle-history"><br></div><div class="battle-history">Go! Adventure (<strong>Rillaboom</strong>)!<br></div><div class="battle-history"><small>Pointed stones dug into Adventure!</small><br></div><div class="battle-history">[Adventure's Grassy Surge]<br><small>Grass grew to cover the battlefield!</small><br></div><div class="spacer battle-history"><br></div><h2 class="battle-history">Turn 20</h2><div class="spacer battle-history"><br></div><div class="battle-history">The opposing Greninja used <strong>Upper Hand</strong>!<br></div><div class="battle-history"><small>But it failed!</small><br></div><div class="spacer battle-history"><br></div><div class="battle-history">Adventure used <strong>Wood Hammer</strong>!<br></div><div class="battle-history"><small>It's super effective!</small><br></div><div class="battle-history"><small>(The opposing Greninja lost 53% of its health!)</small><br></div><div class="spacer battle-history"><br></div><div class="battle-history">The opposing Greninja fainted!<br></div><div class="battle-history"><small>Adventure was damaged by the recoil!</small><br></div><div class="spacer battle-history"><br></div><div class="battle-history"><small>Adventure's HP was restored.</small><br></div><div class="spacer battle-history"><br></div><div class="battle-history">bkblastoises sent out <strong>Gouging Fire</strong>!<br></div><div class="spacer battle-history"><br></div><h2 class="battle-history">Turn 21</h2><div class="spacer battle-history"><br></div><div class="battle-history">Adventure, come back!<br></div><div class="battle-history">Go! Abyss (<strong>Roaring Moon</strong>)!<br></div><div class="battle-history"><small>Pointed stones dug into Abyss!</small><br></div><div class="spacer battle-history"><br></div><div class="battle-history">The opposing Gouging Fire used <strong>Dragon Dance</strong>!<br></div><div class="battle-history"><small>The opposing Gouging Fire's Attack rose!</small><br></div><div class="battle-history"><small>The opposing Gouging Fire's Speed rose!</small><br></div><div class="spacer battle-history"><br></div><div class="battle-history"><small>Abyss's HP was restored.</small><br></div><div class="spacer battle-history"><br></div><h2 class="battle-history">Turn 22</h2><div class="spacer battle-history"><br></div><div class="battle-history">The opposing Gouging Fire used <strong>Burning Bulwark</strong>!<br></div><div class="battle-history"><small>The opposing Gouging Fire protected itself!</small><br></div><div class="spacer battle-history"><br></div><div class="battle-history">Abyss used <strong>Outrage</strong>!<br></div><div class="battle-history"><small>The opposing Gouging Fire protected itself!</small><br></div><div class="battle-history"><small>Abyss was burned!</small><br></div><div class="spacer battle-history"><br></div><div class="battle-history"><small>Abyss's HP was restored.</small><br></div><div class="battle-history"><small>Abyss was hurt by its burn!</small><br></div><div class="spacer battle-history"><br></div><h2 class="battle-history">Turn 23</h2><div class="spacer battle-history"><br></div><div class="battle-history">Abyss used <strong>Outrage</strong>!<br></div><div class="battle-history"><small>It's super effective!</small><br></div><div class="battle-history"><small>(The opposing Gouging Fire lost 54% of its health!)</small><br></div><div class="spacer battle-history"><br></div><div class="battle-history">The opposing Gouging Fire used <strong>Dragon Dance</strong>!<br></div><div class="battle-history"><small>The opposing Gouging Fire's Attack rose!</small><br></div><div class="battle-history"><small>The opposing Gouging Fire's Speed rose!</small><br></div><div class="spacer battle-history"><br></div><div class="battle-history"><small>The opposing Gouging Fire's HP was restored.</small><br></div><div class="battle-history"><small>Abyss's HP was restored.</small><br></div><div class="battle-history"><small>Abyss was hurt by its burn!</small><br></div><div class="spacer battle-history"><br></div><h2 class="battle-history">Turn 24</h2><div class="spacer battle-history"><br></div><div class="battle-history">The opposing Gouging Fire used <strong>Scale Shot</strong>!<br></div><div class="battle-history"><small>It's super effective!</small><br></div><div class="battle-history"><small>(Abyss lost 63% of its health!)</small><br></div><div class="battle-history"><small>It's super effective!</small><br></div><div class="battle-history"><small>(Abyss lost 25% of its health!)</small><br></div><div class="spacer battle-history"><br></div><div class="battle-history">Abyss fainted!<br></div><div class="battle-history"><small>The Pokémon was hit 2 times!</small><br></div><div class="battle-history"><small>The opposing Gouging Fire's Defense fell!</small><br></div><div class="battle-history"><small>The opposing Gouging Fire's Speed rose!</small><br></div><div class="spacer battle-history"><br></div><div class="battle-history"><small>The opposing Gouging Fire's HP was restored.</small><br></div><div class="battle-history"><small>The grass disappeared from the battlefield.</small><br></div><div class="spacer battle-history"><br></div><div class="battle-history">Go! Azure Blue (<strong>Swampert</strong>)!<br></div><div class="battle-history"><small>Pointed stones dug into Azure Blue!</small><br></div><div class="spacer battle-history"><br></div><h2 class="battle-history">Turn 25</h2><div class="spacer battle-history"><br></div><div class="battle-history">The opposing Gouging Fire used <strong>Scale Shot</strong>!<br></div><div class="battle-history"><small>(Azure Blue lost 17% of its health!)</small><br></div><div class="battle-history"><small>(Azure Blue lost 18% of its health!)</small><br></div><div class="battle-history"><small>(Azure Blue lost 15% of its health!)</small><br></div><div class="battle-history"><small>(Azure Blue lost 11% of its health!)</small><br></div><div class="spacer battle-history"><br></div><div class="battle-history">Azure Blue fainted!<br></div><div class="battle-history"><small>The Pokémon was hit 4 times!</small><br></div><div class="battle-history"><small>The opposing Gouging Fire's Defense fell!</small><br></div><div class="battle-history"><small>The opposing Gouging Fire's Speed rose!</small><br></div><div class="spacer battle-history"><br></div><div class="battle-history">Go! Adventure (<strong>Rillaboom</strong>)!<br></div><div class="battle-history"><small>Pointed stones dug into Adventure!</small><br></div><div class="battle-history">[Adventure's Grassy Surge]<br><small>Grass grew to cover the battlefield!</small><br></div><div class="spacer battle-history"><br></div><h2 class="battle-history">Turn 26</h2><div class="spacer battle-history"><br></div><div class="battle-history">Adventure used <strong>Grassy Glide</strong>!<br></div><div class="battle-history"><small>It's not very effective...</small><br></div><div class="battle-history"><small>(The opposing Gouging Fire lost 25% of its health!)</small><br></div><div class="spacer battle-history"><br></div><div class="battle-history">The opposing Gouging Fire used <strong>Heat Crash</strong>!<br></div><div class="battle-history"><small>It's super effective!</small><br></div><div class="battle-history"><small>(Adventure lost 57% of its health!)</small><br></div><div class="spacer battle-history"><br></div><div class="battle-history">Adventure fainted!<br></div><div class="spacer battle-history"><br></div><div class="battle-history"><small>The opposing Gouging Fire's HP was restored.</small><br></div><div class="spacer battle-history"><br></div><div class="battle-history">Go! Toy Quest (<strong>Tinkaton</strong>)!<br></div><div class="battle-history"><small>Pointed stones dug into Toy Quest!</small><br></div><div class="battle-history">[Toy Quest's Mold Breaker]<br><small>Toy Quest breaks the mold!</small><br></div><div class="spacer battle-history"><br></div><h2 class="battle-history">Turn 27</h2><div class="spacer battle-history"><br></div><div class="battle-history">The opposing Gouging Fire used <strong>Heat Crash</strong>!<br></div><div class="battle-history"><small>It's super effective!</small><br></div><div class="battle-history"><small>(Toy Quest lost 77% of its health!)</small><br></div><div class="spacer battle-history"><br></div><div class="battle-history">Toy Quest fainted!<br></div><div class="spacer battle-history"><br></div><div class="battle-history"><strong>bkblastoises</strong> won the battle!<br></div><div class="chat chatmessage-bkblastoises"><strong style="color:#419f81"><small class="groupsymbol">☆</small><span class="username">bkblastoises</span>:</strong> <em>gg</em></div><div class="chat chatmessage-virtualparadise"><strong style="color:#8659cf"><small class="groupsymbol">☆</small><span class="username">Virtual Paradise</span>:</strong> <em>this pokemon's so stupid lol</em></div><div class="chat chatmessage-virtualparadise"><strong style="color:#8659cf"><small class="groupsymbol">☆</small><span class="username">Virtual Paradise</span>:</strong> <em>gg</em></div><div class="chat"><small> quirkyturtle joined; ☆bkblastoises left</small></div><div class="chat"><div class="broadcast-red"><b>Due to technical difficulties, the ladder has been temporarily disabled.</b><br>Rated games will no longer update the ladder. It will be back momentarily.</div></div><div class="chat"><small> quirkyturtle left</small></div></div><div class="inner-preempt message-log"></div></div></div>
</div>
<script>
let daily = Math.floor(Date.now()/1000/60/60/24);document.write('<script src="https://play.pokemonshowdown.com/js/replay-embed.js?version'+daily+'"></'+'script>');
</script>
