<!DOCTYPE html>
<meta charset="utf-8" />
<!-- version 1 -->
<title>[Gen 9] NatDex Draft replay: StarGN vs. psydomia</title>
<style>
html,body {font-family:Verdana, sans-serif;font-size:10pt;margin:0;padding:0;}body{padding:12px 0;} .battle-log {font-family:Verdana, sans-serif;font-size:10pt;} .battle-log-inline {border:1px solid #AAAAAA;background:#EEF2F5;color:black;max-width:640px;margin:0 auto 80px;padding-bottom:5px;} .battle-log .inner {padding:4px 8px 0px 8px;} .battle-log .inner-preempt {padding:0 8px 4px 8px;} .battle-log .inner-after {margin-top:0.5em;} .battle-log h2 {margin:0.5em -8px;padding:4px 8px;border:1px solid #AAAAAA;background:#E0E7EA;border-left:0;border-right:0;font-family:Verdana, sans-serif;font-size:13pt;} .battle-log .chat {vertical-align:middle;padding:3px 0 3px 0;font-size:8pt;} .battle-log .chat strong {color:#40576A;} .battle-log .chat em {padding:1px 4px 1px 3px;color:#000000;font-style:normal;} .chat.mine {background:rgba(0,0,0,0.05);margin-left:-8px;margin-right:-8px;padding-left:8px;padding-right:8px;} .spoiler {color:#BBBBBB;background:#BBBBBB;padding:0px 3px;} .spoiler:hover, .spoiler:active, .spoiler-shown {color:#000000;background:#E2E2E2;padding:0px 3px;} .spoiler a {color:#BBBBBB;} .spoiler:hover a, .spoiler:active a, .spoiler-shown a {color:#2288CC;} .chat code, .chat .spoiler:hover code, .chat .spoiler:active code, .chat .spoiler-shown code {border:1px solid #C0C0C0;background:#EEEEEE;color:black;padding:0 2px;} .chat .spoiler code {border:1px solid #CCCCCC;background:#CCCCCC;color:#CCCCCC;} .battle-log .rated {padding:3px 4px;} .battle-log .rated strong {color:white;background:#89A;padding:1px 4px;border-radius:4px;} .spacer {margin-top:0.5em;} .message-announce {background:#6688AA;color:white;padding:1px 4px 2px;} .message-announce a, .broadcast-green a, .broadcast-blue a, .broadcast-red a {color:#DDEEFF;} .broadcast-green {background-color:#559955;color:white;padding:2px 4px;} .broadcast-blue {background-color:#6688AA;color:white;padding:2px 4px;} .infobox {border:1px solid #6688AA;padding:2px 4px;} .infobox-limited {max-height:200px;overflow:auto;overflow-x:hidden;} .broadcast-red {background-color:#AA5544;color:white;padding:2px 4px;} .message-learn-canlearn {font-weight:bold;color:#228822;text-decoration:underline;} .message-learn-cannotlearn {font-weight:bold;color:#CC2222;text-decoration:underline;} .message-effect-weak {font-weight:bold;color:#CC2222;} .message-effect-resist {font-weight:bold;color:#6688AA;} .message-effect-immune {font-weight:bold;color:#666666;} .message-learn-list {margin-top:0;margin-bottom:0;} .message-throttle-notice, .message-error {color:#992222;} .message-overflow, .chat small.message-overflow {font-size:0pt;} .message-overflow::before {font-size:9pt;content:'...';} .subtle {color:#3A4A66;}
</style>
<div class="wrapper replay-wrapper" style="max-width:1180px;margin:0 auto">
<input type="hidden" name="replayid" value="gen9natdexdraft-2371828386" />
<div class="battle"></div><div class="battle-log"></div><div class="replay-controls"></div><div class="replay-controls-2"></div>
<h1 style="font-weight:normal;text-align:center"><strong>[Gen 9] NatDex Draft</strong><br /><a href="http://pokemonshowdown.com/users/stargn" class="subtle" target="_blank">StarGN</a> vs. <a href="http://pokemonshowdown.com/users/psydomia" class="subtle" target="_blank">psydomia</a></h1>
<script type="text/plain" class="battle-log-data">
|j|☆StarGN
|j|☆psydomia
|t:|1748210782
|gametype|singles
|player|p1|StarGN|jasmine|
|player|p2|psydomia|170|
|teamsize|p1|6
|teamsize|p2|6
|gen|9
|tier|[Gen 9] NatDex Draft
|rule|Sleep Clause Mod: Limit one foe put to sleep
|rule|OHKO Clause: OHKO moves are banned
|rule|Evasion Clause: Evasion abilities, items, and moves are banned
|rule|Evasion Abilities Clause: Evasion abilities are banned
|rule|Evasion Items Clause: Evasion items are banned
|rule|Evasion Moves Clause: Evasion moves are banned
|rule|Endless Battle Clause: Forcing endless battles is banned
|rule|HP Percentage Mod: HP is shown in percentages
|clearpoke
|poke|p1|Urshifu-*, F|
|poke|p1|Raikou|
|poke|p1|Pecharunt|
|poke|p1|Gardevoir, F|
|poke|p1|Celesteela|
|poke|p1|Ogerpon-Hearthflame, F|
|poke|p2|Iron Moth|
|poke|p2|Annihilape, F|
|poke|p2|Meowscarada, F|
|poke|p2|Garchomp, F|
|poke|p2|Rotom-Wash|
|poke|p2|Tinkaton, F|
|teampreview
|c|☆StarGN|glhf
|c|☆psydomia|Glhf!
|
|t:|1748210845
|start
|switch|p1a: Power of Love|Gardevoir, F, shiny|100\/100
|switch|p2a: Rotom|Rotom-Wash|100\/100
|turn|1
|
|t:|1748210865
|switch|p2a: Tinkaton|Tinkaton, F|100\/100
|-ability|p2a: Tinkaton|Mold Breaker
|detailschange|p1a: Power of Love|Gardevoir-Mega, F, shiny
|-mega|p1a: Power of Love|Gardevoir|Gardevoirite
|move|p1a: Power of Love|Will-O-Wisp|p2a: Tinkaton
|-status|p2a: Tinkaton|brn
|
|-damage|p2a: Tinkaton|94\/100 brn|[from] brn
|upkeep
|turn|2
|j| 0TacoBoi0
|
|t:|1748210890
|switch|p1a: Friend Quest|Ogerpon-Hearthflame, F|100\/100
|-ability|p1a: Friend Quest|Mold Breaker
|move|p2a: Tinkaton|Stealth Rock|p1a: Friend Quest
|-sidestart|p1: StarGN|move: Stealth Rock
|
|-heal|p2a: Tinkaton|100\/100 brn|[from] item: Leftovers
|-damage|p2a: Tinkaton|94\/100 brn|[from] brn
|upkeep
|turn|3
|
|t:|1748210907
|switch|p2a: Garchomp|Garchomp, F, shiny|100\/100
|move|p1a: Friend Quest|Ivy Cudgel|p2a: Garchomp|[anim] Ivy Cudgel Fire
|-resisted|p2a: Garchomp
|-damage|p2a: Garchomp|82\/100
|
|upkeep
|turn|4
|
|t:|1748210918
|switch|p1a: The Journey So Far|Raikou, shiny|100\/100
|-damage|p1a: The Journey So Far|88\/100|[from] Stealth Rock
|-ability|p1a: The Journey So Far|Pressure
|-item|p1a: The Journey So Far|Air Balloon
|move|p2a: Garchomp|Spikes|p1a: The Journey So Far
|-sidestart|p1: StarGN|Spikes
|
|upkeep
|turn|5
|j| Jackstrick321
|
|t:|1748210940
|switch|p2a: Rotom|Rotom-Wash|100\/100
|-terastallize|p1a: The Journey So Far|Fairy
|move|p1a: The Journey So Far|Tera Blast|p2a: Rotom|[anim] Tera Blast Fairy
|-damage|p2a: Rotom|57\/100
|
|-heal|p2a: Rotom|63\/100|[from] item: Leftovers
|upkeep
|turn|6
|
|t:|1748210956
|move|p1a: The Journey So Far|Substitute|p1a: The Journey So Far
|-start|p1a: The Journey So Far|Substitute
|-damage|p1a: The Journey So Far|63\/100
|move|p2a: Rotom|Volt Switch|p1a: The Journey So Far
|-end|p1a: The Journey So Far|Substitute
|-enditem|p1a: The Journey So Far|Air Balloon
|
|t:|1748210971
|switch|p2a: Meowscarada|Meowscarada, F|100\/100|[from] Volt Switch
|
|upkeep
|turn|7
|c|☆StarGN|the universe will always wonder why air balloon is like that
|
|t:|1748210987
|move|p2a: Meowscarada|Flower Trick|p1a: The Journey So Far
|-start|p2a: Meowscarada|typechange|Grass|[from] ability: Protean
|-crit|p1a: The Journey So Far
|-damage|p1a: The Journey So Far|0 fnt
|faint|p1a: The Journey So Far
|-damage|p2a: Meowscarada|91\/100|[from] item: Life Orb
|
|upkeep
|
|t:|1748210993
|switch|p1a: Frozen In Time|Celesteela, shiny|100\/100
|-damage|p1a: Frozen In Time|88\/100|[from] Stealth Rock
|turn|8
|
|t:|1748211005
|switch|p2a: Rotom|Rotom-Wash|63\/100
|move|p1a: Frozen In Time|Autotomize|p1a: Frozen In Time
|-boost|p1a: Frozen In Time|spe|2
|-start|p1a: Frozen In Time|Autotomize
|
|-heal|p2a: Rotom|69\/100|[from] item: Leftovers
|upkeep
|turn|9
|
|t:|1748211019
|move|p1a: Frozen In Time|Energy Ball|p2a: Rotom
|-supereffective|p2a: Rotom
|-damage|p2a: Rotom|0 fnt
|faint|p2a: Rotom
|-ability|p1a: Frozen In Time|Beast Boost|boost
|-boost|p1a: Frozen In Time|spa|1
|
|upkeep
|
|t:|1748211032
|switch|p2a: Iron Moth|Iron Moth|100\/100
|-enditem|p2a: Iron Moth|Booster Energy
|-activate|p2a: Iron Moth|ability: Quark Drive|[fromitem]
|-start|p2a: Iron Moth|quarkdrivespe
|turn|10
|
|t:|1748211039
|move|p2a: Iron Moth|Fiery Dance|p1a: Frozen In Time
|-supereffective|p1a: Frozen In Time
|-damage|p1a: Frozen In Time|16\/100
|-enditem|p1a: Frozen In Time|Weakness Policy
|-boost|p1a: Frozen In Time|atk|2|[from] item: Weakness Policy
|-boost|p1a: Frozen In Time|spa|2|[from] item: Weakness Policy
|move|p1a: Frozen In Time|Air Slash|p2a: Iron Moth
|-damage|p2a: Iron Moth|19\/100
|
|upkeep
|turn|11
|c|☆StarGN|:0
|
|t:|1748211051
|move|p2a: Iron Moth|Fiery Dance|p1a: Frozen In Time
|-supereffective|p1a: Frozen In Time
|-damage|p1a: Frozen In Time|0 fnt
|-boost|p2a: Iron Moth|spa|1
|faint|p1a: Frozen In Time
|
|upkeep
|
|t:|1748211054
|switch|p1a: Go Back|Urshifu, F|100\/100
|-damage|p1a: Go Back|94\/100|[from] Stealth Rock
|-damage|p1a: Go Back|82\/100|[from] Spikes
|turn|12
|
|t:|1748211066
|-end|p2a: Iron Moth|Quark Drive|[silent]
|switch|p2a: Tinkaton|Tinkaton, F|94\/100 brn
|-ability|p2a: Tinkaton|Mold Breaker
|move|p1a: Go Back|Sucker Punch||[still]
|-fail|p1a: Go Back
|
|-heal|p2a: Tinkaton|100\/100 brn|[from] item: Leftovers
|-damage|p2a: Tinkaton|94\/100 brn|[from] brn
|upkeep
|turn|13
|
|t:|1748211079
|switch|p1a: Isn't It Over?|Pecharunt|100\/100
|-damage|p1a: Isn't It Over?|88\/100|[from] Stealth Rock
|-damage|p1a: Isn't It Over?|76\/100|[from] Spikes
|move|p2a: Tinkaton|Gigaton Hammer|p1a: Isn't It Over?
|-damage|p1a: Isn't It Over?|64\/100
|
|-heal|p2a: Tinkaton|100\/100 brn|[from] item: Leftovers
|-damage|p2a: Tinkaton|94\/100 brn|[from] brn
|upkeep
|turn|14
|
|t:|1748211108
|move|p1a: Isn't It Over?|Recover|p1a: Isn't It Over?
|-heal|p1a: Isn't It Over?|100\/100
|move|p2a: Tinkaton|Stone Edge|p1a: Isn't It Over?
|-damage|p1a: Isn't It Over?|96\/100
|
|-heal|p2a: Tinkaton|100\/100 brn|[from] item: Leftovers
|-damage|p2a: Tinkaton|94\/100 brn|[from] brn
|upkeep
|turn|15
|
|t:|1748211133
|move|p1a: Isn't It Over?|Shadow Ball|p2a: Tinkaton
|-damage|p2a: Tinkaton|76\/100 brn
|move|p2a: Tinkaton|Encore|p1a: Isn't It Over?
|-start|p1a: Isn't It Over?|Encore
|
|-heal|p2a: Tinkaton|82\/100 brn|[from] item: Leftovers
|-damage|p2a: Tinkaton|76\/100 brn|[from] brn
|upkeep
|turn|16
|
|t:|1748211147
|switch|p2a: Meowscarada|Meowscarada, F|91\/100
|switch|p1a: Go Back|Urshifu, F|82\/100
|-damage|p1a: Go Back|76\/100|[from] Stealth Rock
|-damage|p1a: Go Back|64\/100|[from] Spikes
|
|upkeep
|turn|17
|
|t:|1748211157
|switch|p1a: Isn't It Over?|Pecharunt|96\/100
|-damage|p1a: Isn't It Over?|84\/100|[from] Stealth Rock
|-damage|p1a: Isn't It Over?|71\/100|[from] Spikes
|move|p2a: Meowscarada|Flower Trick|p1a: Isn't It Over?
|-start|p2a: Meowscarada|typechange|Grass|[from] ability: Protean
|-resisted|p1a: Isn't It Over?
|-crit|p1a: Isn't It Over?
|-damage|p1a: Isn't It Over?|54\/100
|-damage|p2a: Meowscarada|81\/100|[from] item: Life Orb
|
|upkeep
|turn|18
|
|t:|1748211173
|move|p2a: Meowscarada|Knock Off|p1a: Isn't It Over?
|-supereffective|p1a: Isn't It Over?
|-damage|p1a: Isn't It Over?|10\/100
|-enditem|p1a: Isn't It Over?|Shuca Berry|[from] move: Knock Off|[of] p2a: Meowscarada
|-damage|p2a: Meowscarada|71\/100|[from] item: Life Orb
|move|p1a: Isn't It Over?|Recover|p1a: Isn't It Over?
|-heal|p1a: Isn't It Over?|60\/100
|
|upkeep
|turn|19
|
|t:|1748211188
|switch|p2a: Tinkaton|Tinkaton, F|76\/100 brn
|-ability|p2a: Tinkaton|Mold Breaker
|move|p1a: Isn't It Over?|Recover|p1a: Isn't It Over?
|-heal|p1a: Isn't It Over?|100\/100
|
|-heal|p2a: Tinkaton|82\/100 brn|[from] item: Leftovers
|-damage|p2a: Tinkaton|76\/100 brn|[from] brn
|upkeep
|turn|20
|
|t:|1748211224
|switch|p1a: Power of Love|Gardevoir-Mega, F, shiny|100\/100
|-damage|p1a: Power of Love|88\/100|[from] Stealth Rock
|-damage|p1a: Power of Love|76\/100|[from] Spikes
|move|p2a: Tinkaton|Stone Edge|p1a: Power of Love
|-damage|p1a: Power of Love|62\/100
|
|-heal|p2a: Tinkaton|82\/100 brn|[from] item: Leftovers
|-damage|p2a: Tinkaton|76\/100 brn|[from] brn
|upkeep
|turn|21
|
|t:|1748211236
|switch|p1a: Isn't It Over?|Pecharunt|100\/100
|-damage|p1a: Isn't It Over?|88\/100|[from] Stealth Rock
|-damage|p1a: Isn't It Over?|76\/100|[from] Spikes
|move|p2a: Tinkaton|Gigaton Hammer|p1a: Isn't It Over?
|-damage|p1a: Isn't It Over?|65\/100
|
|-heal|p2a: Tinkaton|82\/100 brn|[from] item: Leftovers
|-damage|p2a: Tinkaton|76\/100 brn|[from] brn
|upkeep
|turn|22
|
|t:|1748211248
|move|p1a: Isn't It Over?|Recover|p1a: Isn't It Over?
|-heal|p1a: Isn't It Over?|100\/100
|move|p2a: Tinkaton|Stone Edge|p1a: Isn't It Over?
|-damage|p1a: Isn't It Over?|96\/100
|
|-heal|p2a: Tinkaton|82\/100 brn|[from] item: Leftovers
|-damage|p2a: Tinkaton|76\/100 brn|[from] brn
|upkeep
|turn|23
|
|t:|1748211257
|switch|p1a: Go Back|Urshifu, F|64\/100
|-damage|p1a: Go Back|57\/100|[from] Stealth Rock
|-damage|p1a: Go Back|45\/100|[from] Spikes
|move|p2a: Tinkaton|Gigaton Hammer|p1a: Go Back
|-damage|p1a: Go Back|23\/100
|
|-heal|p2a: Tinkaton|82\/100 brn|[from] item: Leftovers
|-damage|p2a: Tinkaton|76\/100 brn|[from] brn
|upkeep
|turn|24
|
|t:|1748211275
|switch|p2a: Garchomp|Garchomp, F, shiny|82\/100
|move|p1a: Go Back|Close Combat|p2a: Garchomp
|-damage|p2a: Garchomp|42\/100
|-unboost|p1a: Go Back|def|1
|-unboost|p1a: Go Back|spd|1
|-damage|p1a: Go Back|11\/100|[from] ability: Rough Skin|[of] p2a: Garchomp
|-damage|p1a: Go Back|0 fnt|[from] item: Rocky Helmet|[of] p2a: Garchomp
|faint|p1a: Go Back
|
|upkeep
|
|t:|1748211278
|switch|p1a: Power of Love|Gardevoir-Mega, F, shiny|62\/100
|-damage|p1a: Power of Love|50\/100|[from] Stealth Rock
|-damage|p1a: Power of Love|37\/100|[from] Spikes
|turn|25
|
|t:|1748211294
|switch|p2a: Tinkaton|Tinkaton, F|76\/100 brn
|-ability|p2a: Tinkaton|Mold Breaker
|move|p1a: Power of Love|Hyper Voice|p2a: Tinkaton
|-resisted|p2a: Tinkaton
|-damage|p2a: Tinkaton|57\/100 brn
|
|-heal|p2a: Tinkaton|64\/100 brn|[from] item: Leftovers
|-damage|p2a: Tinkaton|57\/100 brn|[from] brn
|upkeep
|turn|26
|
|t:|1748211307
|move|p1a: Power of Love|Mystical Fire|p2a: Tinkaton
|-supereffective|p2a: Tinkaton
|-damage|p2a: Tinkaton|23\/100 brn
|-unboost|p2a: Tinkaton|spa|1
|move|p2a: Tinkaton|Gigaton Hammer|p1a: Power of Love
|-supereffective|p1a: Power of Love
|-damage|p1a: Power of Love|0 fnt
|faint|p1a: Power of Love
|detailschange|p1: Power of Love|Gardevoir, F, shiny|[silent]
|
|-heal|p2a: Tinkaton|29\/100 brn|[from] item: Leftovers
|-damage|p2a: Tinkaton|23\/100 brn|[from] brn
|upkeep
|
|t:|1748211341
|switch|p1a: Friend Quest|Ogerpon-Hearthflame, F|100\/100
|-damage|p1a: Friend Quest|76\/100|[from] Stealth Rock
|-damage|p1a: Friend Quest|63\/100|[from] Spikes
|-ability|p1a: Friend Quest|Mold Breaker
|turn|27
|
|t:|1748211348
|move|p1a: Friend Quest|Swords Dance|p1a: Friend Quest
|-boost|p1a: Friend Quest|atk|2
|move|p2a: Tinkaton|Encore|p1a: Friend Quest
|-start|p1a: Friend Quest|Encore
|
|-heal|p2a: Tinkaton|29\/100 brn|[from] item: Leftovers
|-damage|p2a: Tinkaton|23\/100 brn|[from] brn
|upkeep
|turn|28
|
|t:|1748211365
|switch|p1a: Isn't It Over?|Pecharunt|96\/100
|-damage|p1a: Isn't It Over?|84\/100|[from] Stealth Rock
|-damage|p1a: Isn't It Over?|71\/100|[from] Spikes
|switch|p2a: Iron Moth|Iron Moth|19\/100
|
|upkeep
|turn|29
|
|t:|1748211377
|move|p2a: Iron Moth|Fire Blast|p1a: Isn't It Over?
|-damage|p1a: Isn't It Over?|20\/100
|move|p1a: Isn't It Over?|Shadow Ball|p2a: Iron Moth
|-damage|p2a: Iron Moth|0 fnt
|faint|p2a: Iron Moth
|-end|p2a: Iron Moth|Quark Drive|[silent]
|
|upkeep
|
|t:|1748211395
|switch|p2a: Garchomp|Garchomp, F, shiny|42\/100
|turn|30
|
|t:|1748211406
|move|p2a: Garchomp|Earthquake|p1a: Isn't It Over?
|-supereffective|p1a: Isn't It Over?
|-damage|p1a: Isn't It Over?|0 fnt
|faint|p1a: Isn't It Over?
|
|upkeep
|
|t:|1748211407
|switch|p1a: Friend Quest|Ogerpon-Hearthflame, F|63\/100
|-damage|p1a: Friend Quest|38\/100|[from] Stealth Rock
|-damage|p1a: Friend Quest|26\/100|[from] Spikes
|-ability|p1a: Friend Quest|Mold Breaker
|turn|31
|c|☆StarGN|gg
|
|t:|1748211416
|move|p1a: Friend Quest|Power Whip|p2a: Garchomp
|-damage|p2a: Garchomp|1\/100
|-damage|p1a: Friend Quest|14\/100|[from] ability: Rough Skin|[of] p2a: Garchomp
|-damage|p1a: Friend Quest|0 fnt|[from] item: Rocky Helmet|[of] p2a: Garchomp
|faint|p1a: Friend Quest
|
|win|psydomia
|c|☆psydomia|Ggs!
|l| Jackstrick321

</script>
</div>
<div class="battle-log battle-log-inline"><div class="inner"><div class="battle-options"></div><div class="inner message-log"><div class="chat"><small>☆StarGN and ☆psydomia joined</small></div><div class=""><small>Format:</small> <br><strong>[Gen 9] NatDex Draft</strong></div><div class=""><small><em>Sleep Clause Mod:</em> Limit one foe put to sleep</small></div><div class=""><small><em>OHKO Clause:</em> OHKO moves are banned</small></div><div class=""><small><em>Evasion Clause:</em> Evasion abilities, items, and moves are banned</small></div><div class=""><small><em>Evasion Abilities Clause:</em> Evasion abilities are banned</small></div><div class=""><small><em>Evasion Items Clause:</em> Evasion items are banned</small></div><div class=""><small><em>Evasion Moves Clause:</em> Evasion moves are banned</small></div><div class=""><small><em>Endless Battle Clause:</em> Forcing endless battles is banned</small></div><div class=""><small><em>HP Percentage Mod:</em> HP is shown in percentages</small></div><div class="chat battle-history"><strong>StarGN's team:</strong> <em style="color:#445566;display:block;">Urshifu-* / Raikou / Pecharunt / Gardevoir / Celesteela / Ogerpon-Hearthflame</em></div><div class="chat battle-history"><strong>psydomia's team:</strong> <em style="color:#445566;display:block;">Iron Moth / Annihilape / Meowscarada / Garchomp / Rotom-Wash / Tinkaton</em></div><div class="chat chatmessage-stargn"><strong style="color:#487cbf"><small class="groupsymbol">☆</small><span class="username">StarGN</span>:</strong> <em>glhf</em></div><div class="chat chatmessage-psydomia"><strong style="color:#8c5cc3"><small class="groupsymbol">☆</small><span class="username">psydomia</span>:</strong> <em>Glhf!</em></div><div class="spacer battle-history"><br></div><div class="battle-history">Battle started between StarGN and psydomia!<br></div><div class="spacer battle-history"><br></div><div class="battle-history">Go! Power of Love (<strong>Gardevoir</strong>)!<br></div><div class="spacer battle-history"><br></div><div class="battle-history">psydomia sent out Rotom (<strong>Rotom-Wash</strong>)!<br></div><div class="spacer battle-history"><br></div><h2 class="battle-history">Turn 1</h2><div class="spacer battle-history"><br></div><div class="battle-history">psydomia withdrew Rotom!<br></div><div class="battle-history">psydomia sent out <strong>Tinkaton</strong>!<br></div><div class="battle-history">[The opposing Tinkaton's Mold Breaker]<br><small>The opposing Tinkaton breaks the mold!</small><br></div><div class="spacer battle-history"><br></div><div class="battle-history"><small>Power of Love's Gardevoirite is reacting to the Key Stone!</small><br>Power of Love has Mega Evolved into Mega Gardevoir!<br></div><div class="spacer battle-history"><br></div><div class="battle-history">Power of Love used <strong>Will-O-Wisp</strong>!<br></div><div class="battle-history"><small>The opposing Tinkaton was burned!</small><br></div><div class="spacer battle-history"><br></div><div class="battle-history"><small>The opposing Tinkaton was hurt by its burn!</small><br></div><div class="spacer battle-history"><br></div><h2 class="battle-history">Turn 2</h2><div class="chat"><small> 0TacoBoi0 joined</small></div><div class="spacer battle-history"><br></div><div class="battle-history">Power of Love, come back!<br></div><div class="battle-history">Go! Friend Quest (<strong>Ogerpon-Hearthflame</strong>)!<br></div><div class="battle-history">[Friend Quest's Mold Breaker]<br><small>Friend Quest breaks the mold!</small><br></div><div class="spacer battle-history"><br></div><div class="battle-history">The opposing Tinkaton used <strong>Stealth Rock</strong>!<br></div><div class="battle-history"><small>Pointed stones float in the air around your team!</small><br></div><div class="spacer battle-history"><br></div><div class="battle-history"><small>The opposing Tinkaton restored a little HP using its Leftovers!</small><br></div><div class="battle-history"><small>The opposing Tinkaton was hurt by its burn!</small><br></div><div class="spacer battle-history"><br></div><h2 class="battle-history">Turn 3</h2><div class="spacer battle-history"><br></div><div class="battle-history">psydomia withdrew Tinkaton!<br></div><div class="battle-history">psydomia sent out <strong>Garchomp</strong>!<br></div><div class="spacer battle-history"><br></div><div class="battle-history">Friend Quest used <strong>Ivy Cudgel</strong>!<br></div><div class="battle-history"><small>It's not very effective...</small><br></div><div class="battle-history"><small>(The opposing Garchomp lost 18% of its health!)</small><br></div><div class="spacer battle-history"><br></div><h2 class="battle-history">Turn 4</h2><div class="spacer battle-history"><br></div><div class="battle-history">Friend Quest, come back!<br></div><div class="battle-history">Go! The Journey So Far (<strong>Raikou</strong>)!<br></div><div class="battle-history"><small>Pointed stones dug into The Journey So Far!</small><br></div><div class="battle-history">[The Journey So Far's Pressure]<br><small>The Journey So Far is exerting its pressure!</small><br></div><div class="battle-history"><small>The Journey So Far floats in the air with its Air Balloon!</small><br></div><div class="spacer battle-history"><br></div><div class="battle-history">The opposing Garchomp used <strong>Spikes</strong>!<br></div><div class="battle-history"><small>Spikes were scattered on the ground all around your team!</small><br></div><div class="spacer battle-history"><br></div><h2 class="battle-history">Turn 5</h2><div class="chat"><small> Jackstrick321 joined</small></div><div class="spacer battle-history"><br></div><div class="battle-history">psydomia withdrew Garchomp!<br></div><div class="battle-history">psydomia sent out Rotom (<strong>Rotom-Wash</strong>)!<br></div><div class="spacer battle-history"><br></div><div class="battle-history"><small>The Journey So Far has Terastallized into the Fairy-type!</small><br></div><div class="spacer battle-history"><br></div><div class="battle-history">The Journey So Far used <strong>Tera Blast</strong>!<br></div><div class="battle-history"><small>(The opposing Rotom lost 43% of its health!)</small><br></div><div class="spacer battle-history"><br></div><div class="battle-history"><small>The opposing Rotom restored a little HP using its Leftovers!</small><br></div><div class="spacer battle-history"><br></div><h2 class="battle-history">Turn 6</h2><div class="spacer battle-history"><br></div><div class="battle-history">The Journey So Far used <strong>Substitute</strong>!<br></div><div class="battle-history"><small>The Journey So Far put in a substitute!</small><br></div><div class="battle-history"><small>(The Journey So Far lost 25% of its health!)</small><br></div><div class="spacer battle-history"><br></div><div class="battle-history">The opposing Rotom used <strong>Volt Switch</strong>!<br></div><div class="battle-history"><small>The Journey So Far's substitute faded!</small><br></div><div class="battle-history"><small>The Journey So Far's Air Balloon popped!</small><br></div><div class="spacer battle-history"><br></div><div class="battle-history">The opposing Rotom went back to psydomia!<br></div><div class="battle-history">psydomia sent out <strong>Meowscarada</strong>!<br></div><div class="spacer battle-history"><br></div><h2 class="battle-history">Turn 7</h2><div class="chat chatmessage-stargn"><strong style="color:#487cbf"><small class="groupsymbol">☆</small><span class="username">StarGN</span>:</strong> <em>the universe will always wonder why air balloon is like that</em></div><div class="spacer battle-history"><br></div><div class="battle-history">The opposing Meowscarada used <strong>Flower Trick</strong>!<br></div><div class="spacer battle-history"><br></div><div class="battle-history">[The opposing Meowscarada's Protean]<br><small>The opposing Meowscarada's type changed to Grass!</small><br></div><div class="battle-history"><small>A critical hit!</small><br></div><div class="battle-history"><small>(The Journey So Far lost 63% of its health!)</small><br></div><div class="spacer battle-history"><br></div><div class="battle-history">The Journey So Far fainted!<br></div><div class="battle-history"><small>The opposing Meowscarada lost some of its HP!</small><br></div><div class="spacer battle-history"><br></div><div class="battle-history">Go! Frozen In Time (<strong>Celesteela</strong>)!<br></div><div class="battle-history"><small>Pointed stones dug into Frozen In Time!</small><br></div><div class="spacer battle-history"><br></div><h2 class="battle-history">Turn 8</h2><div class="spacer battle-history"><br></div><div class="battle-history">psydomia withdrew Meowscarada!<br></div><div class="battle-history">psydomia sent out Rotom (<strong>Rotom-Wash</strong>)!<br></div><div class="spacer battle-history"><br></div><div class="battle-history">Frozen In Time used <strong>Autotomize</strong>!<br></div><div class="battle-history"><small>Frozen In Time's Speed rose sharply!</small><br></div><div class="battle-history"><small>Frozen In Time became nimble!</small><br></div><div class="spacer battle-history"><br></div><div class="battle-history"><small>The opposing Rotom restored a little HP using its Leftovers!</small><br></div><div class="spacer battle-history"><br></div><h2 class="battle-history">Turn 9</h2><div class="spacer battle-history"><br></div><div class="battle-history">Frozen In Time used <strong>Energy Ball</strong>!<br></div><div class="battle-history"><small>It's super effective!</small><br></div><div class="battle-history"><small>(The opposing Rotom lost 69% of its health!)</small><br></div><div class="spacer battle-history"><br></div><div class="battle-history">The opposing Rotom fainted!<br></div><div class="battle-history">[Frozen In Time's Beast Boost]<br></div><div class="battle-history"><small>Frozen In Time's Sp. Atk rose!</small><br></div><div class="spacer battle-history"><br></div><div class="battle-history">psydomia sent out <strong>Iron Moth</strong>!<br></div><div class="battle-history"><small>(The opposing Iron Moth used its Booster Energy!)</small><br></div><div class="battle-history">[The opposing Iron Moth's Quark Drive]<br><small>The opposing Iron Moth used its Booster Energy to activate its Quark Drive!</small><br></div><div class="battle-history"><small>The opposing Iron Moth's Speed was heightened!</small><br></div><div class="spacer battle-history"><br></div><h2 class="battle-history">Turn 10</h2><div class="spacer battle-history"><br></div><div class="battle-history">The opposing Iron Moth used <strong>Fiery Dance</strong>!<br></div><div class="battle-history"><small>It's super effective!</small><br></div><div class="battle-history"><small>(Frozen In Time lost 72% of its health!)</small><br></div><div class="battle-history"><small>(Frozen In Time used its Weakness Policy!)</small><br></div><div class="battle-history"><small>The Weakness Policy sharply raised Frozen In Time's Attack!</small><br></div><div class="battle-history"><small>The Weakness Policy sharply raised Frozen In Time's Sp. Atk!</small><br></div><div class="spacer battle-history"><br></div><div class="battle-history">Frozen In Time used <strong>Air Slash</strong>!<br></div><div class="battle-history"><small>(The opposing Iron Moth lost 81% of its health!)</small><br></div><div class="spacer battle-history"><br></div><h2 class="battle-history">Turn 11</h2><div class="chat chatmessage-stargn"><strong style="color:#487cbf"><small class="groupsymbol">☆</small><span class="username">StarGN</span>:</strong> <em>:0</em></div><div class="spacer battle-history"><br></div><div class="battle-history">The opposing Iron Moth used <strong>Fiery Dance</strong>!<br></div><div class="battle-history"><small>It's super effective!</small><br></div><div class="battle-history"><small>(Frozen In Time lost 16% of its health!)</small><br></div><div class="battle-history"><small>The opposing Iron Moth's Sp. Atk rose!</small><br></div><div class="spacer battle-history"><br></div><div class="battle-history">Frozen In Time fainted!<br></div><div class="spacer battle-history"><br></div><div class="battle-history">Go! Go Back (<strong>Urshifu</strong>)!<br></div><div class="battle-history"><small>Pointed stones dug into Go Back!</small><br></div><div class="battle-history"><small>Go Back was hurt by the spikes!</small><br></div><div class="spacer battle-history"><br></div><h2 class="battle-history">Turn 12</h2><div class="spacer battle-history"><br></div><div class="battle-history">psydomia withdrew Iron Moth!<br></div><div class="battle-history">psydomia sent out <strong>Tinkaton</strong>!<br></div><div class="battle-history">[The opposing Tinkaton's Mold Breaker]<br><small>The opposing Tinkaton breaks the mold!</small><br></div><div class="spacer battle-history"><br></div><div class="battle-history">Go Back used <strong>Sucker Punch</strong>!<br></div><div class="battle-history"><small>But it failed!</small><br></div><div class="spacer battle-history"><br></div><div class="battle-history"><small>The opposing Tinkaton restored a little HP using its Leftovers!</small><br></div><div class="battle-history"><small>The opposing Tinkaton was hurt by its burn!</small><br></div><div class="spacer battle-history"><br></div><h2 class="battle-history">Turn 13</h2><div class="spacer battle-history"><br></div><div class="battle-history">Go Back, come back!<br></div><div class="battle-history">Go! Isn't It Over? (<strong>Pecharunt</strong>)!<br></div><div class="battle-history"><small>Pointed stones dug into Isn't It Over?!</small><br></div><div class="battle-history"><small>Isn't It Over? was hurt by the spikes!</small><br></div><div class="spacer battle-history"><br></div><div class="battle-history">The opposing Tinkaton used <strong>Gigaton Hammer</strong>!<br></div><div class="battle-history"><small>(Isn't It Over? lost 12% of its health!)</small><br></div><div class="spacer battle-history"><br></div><div class="battle-history"><small>The opposing Tinkaton restored a little HP using its Leftovers!</small><br></div><div class="battle-history"><small>The opposing Tinkaton was hurt by its burn!</small><br></div><div class="spacer battle-history"><br></div><h2 class="battle-history">Turn 14</h2><div class="spacer battle-history"><br></div><div class="battle-history">Isn't It Over? used <strong>Recover</strong>!<br></div><div class="battle-history"><small>Isn't It Over? had its HP restored.</small><br></div><div class="spacer battle-history"><br></div><div class="battle-history">The opposing Tinkaton used <strong>Stone Edge</strong>!<br></div><div class="battle-history"><small>(Isn't It Over? lost 4% of its health!)</small><br></div><div class="spacer battle-history"><br></div><div class="battle-history"><small>The opposing Tinkaton restored a little HP using its Leftovers!</small><br></div><div class="battle-history"><small>The opposing Tinkaton was hurt by its burn!</small><br></div><div class="spacer battle-history"><br></div><h2 class="battle-history">Turn 15</h2><div class="spacer battle-history"><br></div><div class="battle-history">Isn't It Over? used <strong>Shadow Ball</strong>!<br></div><div class="battle-history"><small>(The opposing Tinkaton lost 18% of its health!)</small><br></div><div class="spacer battle-history"><br></div><div class="battle-history">The opposing Tinkaton used <strong>Encore</strong>!<br></div><div class="battle-history"><small>Isn't It Over? must do an encore!</small><br></div><div class="spacer battle-history"><br></div><div class="battle-history"><small>The opposing Tinkaton restored a little HP using its Leftovers!</small><br></div><div class="battle-history"><small>The opposing Tinkaton was hurt by its burn!</small><br></div><div class="spacer battle-history"><br></div><h2 class="battle-history">Turn 16</h2><div class="spacer battle-history"><br></div><div class="battle-history">psydomia withdrew Tinkaton!<br></div><div class="battle-history">psydomia sent out <strong>Meowscarada</strong>!<br></div><div class="spacer battle-history"><br></div><div class="battle-history">Isn't It Over?, come back!<br></div><div class="battle-history">Go! Go Back (<strong>Urshifu</strong>)!<br></div><div class="battle-history"><small>Pointed stones dug into Go Back!</small><br></div><div class="battle-history"><small>Go Back was hurt by the spikes!</small><br></div><div class="spacer battle-history"><br></div><h2 class="battle-history">Turn 17</h2><div class="spacer battle-history"><br></div><div class="battle-history">Go Back, come back!<br></div><div class="battle-history">Go! Isn't It Over? (<strong>Pecharunt</strong>)!<br></div><div class="battle-history"><small>Pointed stones dug into Isn't It Over?!</small><br></div><div class="battle-history"><small>Isn't It Over? was hurt by the spikes!</small><br></div><div class="spacer battle-history"><br></div><div class="battle-history">The opposing Meowscarada used <strong>Flower Trick</strong>!<br></div><div class="spacer battle-history"><br></div><div class="battle-history">[The opposing Meowscarada's Protean]<br><small>The opposing Meowscarada's type changed to Grass!</small><br></div><div class="battle-history"><small>It's not very effective...</small><br></div><div class="battle-history"><small>A critical hit!</small><br></div><div class="battle-history"><small>(Isn't It Over? lost 17% of its health!)</small><br></div><div class="battle-history"><small>The opposing Meowscarada lost some of its HP!</small><br></div><div class="spacer battle-history"><br></div><h2 class="battle-history">Turn 18</h2><div class="spacer battle-history"><br></div><div class="battle-history">The opposing Meowscarada used <strong>Knock Off</strong>!<br></div><div class="battle-history"><small>It's super effective!</small><br></div><div class="battle-history"><small>(Isn't It Over? lost 44% of its health!)</small><br></div><div class="battle-history"><small>The opposing Meowscarada knocked off Isn't It Over?'s Shuca Berry!</small><br></div><div class="battle-history"><small>The opposing Meowscarada lost some of its HP!</small><br></div><div class="spacer battle-history"><br></div><div class="battle-history">Isn't It Over? used <strong>Recover</strong>!<br></div><div class="battle-history"><small>Isn't It Over? had its HP restored.</small><br></div><div class="spacer battle-history"><br></div><h2 class="battle-history">Turn 19</h2><div class="spacer battle-history"><br></div><div class="battle-history">psydomia withdrew Meowscarada!<br></div><div class="battle-history">psydomia sent out <strong>Tinkaton</strong>!<br></div><div class="battle-history">[The opposing Tinkaton's Mold Breaker]<br><small>The opposing Tinkaton breaks the mold!</small><br></div><div class="spacer battle-history"><br></div><div class="battle-history">Isn't It Over? used <strong>Recover</strong>!<br></div><div class="battle-history"><small>Isn't It Over? had its HP restored.</small><br></div><div class="spacer battle-history"><br></div><div class="battle-history"><small>The opposing Tinkaton restored a little HP using its Leftovers!</small><br></div><div class="battle-history"><small>The opposing Tinkaton was hurt by its burn!</small><br></div><div class="spacer battle-history"><br></div><h2 class="battle-history">Turn 20</h2><div class="spacer battle-history"><br></div><div class="battle-history">Isn't It Over?, come back!<br></div><div class="battle-history">Go! Power of Love (<strong>Gardevoir-Mega</strong>)!<br></div><div class="battle-history"><small>Pointed stones dug into Power of Love!</small><br></div><div class="battle-history"><small>Power of Love was hurt by the spikes!</small><br></div><div class="spacer battle-history"><br></div><div class="battle-history">The opposing Tinkaton used <strong>Stone Edge</strong>!<br></div><div class="battle-history"><small>(Power of Love lost 14% of its health!)</small><br></div><div class="spacer battle-history"><br></div><div class="battle-history"><small>The opposing Tinkaton restored a little HP using its Leftovers!</small><br></div><div class="battle-history"><small>The opposing Tinkaton was hurt by its burn!</small><br></div><div class="spacer battle-history"><br></div><h2 class="battle-history">Turn 21</h2><div class="spacer battle-history"><br></div><div class="battle-history">Power of Love, come back!<br></div><div class="battle-history">Go! Isn't It Over? (<strong>Pecharunt</strong>)!<br></div><div class="battle-history"><small>Pointed stones dug into Isn't It Over?!</small><br></div><div class="battle-history"><small>Isn't It Over? was hurt by the spikes!</small><br></div><div class="spacer battle-history"><br></div><div class="battle-history">The opposing Tinkaton used <strong>Gigaton Hammer</strong>!<br></div><div class="battle-history"><small>(Isn't It Over? lost 11% of its health!)</small><br></div><div class="spacer battle-history"><br></div><div class="battle-history"><small>The opposing Tinkaton restored a little HP using its Leftovers!</small><br></div><div class="battle-history"><small>The opposing Tinkaton was hurt by its burn!</small><br></div><div class="spacer battle-history"><br></div><h2 class="battle-history">Turn 22</h2><div class="spacer battle-history"><br></div><div class="battle-history">Isn't It Over? used <strong>Recover</strong>!<br></div><div class="battle-history"><small>Isn't It Over? had its HP restored.</small><br></div><div class="spacer battle-history"><br></div><div class="battle-history">The opposing Tinkaton used <strong>Stone Edge</strong>!<br></div><div class="battle-history"><small>(Isn't It Over? lost 4% of its health!)</small><br></div><div class="spacer battle-history"><br></div><div class="battle-history"><small>The opposing Tinkaton restored a little HP using its Leftovers!</small><br></div><div class="battle-history"><small>The opposing Tinkaton was hurt by its burn!</small><br></div><div class="spacer battle-history"><br></div><h2 class="battle-history">Turn 23</h2><div class="spacer battle-history"><br></div><div class="battle-history">Isn't It Over?, come back!<br></div><div class="battle-history">Go! Go Back (<strong>Urshifu</strong>)!<br></div><div class="battle-history"><small>Pointed stones dug into Go Back!</small><br></div><div class="battle-history"><small>Go Back was hurt by the spikes!</small><br></div><div class="spacer battle-history"><br></div><div class="battle-history">The opposing Tinkaton used <strong>Gigaton Hammer</strong>!<br></div><div class="battle-history"><small>(Go Back lost 22% of its health!)</small><br></div><div class="spacer battle-history"><br></div><div class="battle-history"><small>The opposing Tinkaton restored a little HP using its Leftovers!</small><br></div><div class="battle-history"><small>The opposing Tinkaton was hurt by its burn!</small><br></div><div class="spacer battle-history"><br></div><h2 class="battle-history">Turn 24</h2><div class="spacer battle-history"><br></div><div class="battle-history">psydomia withdrew Tinkaton!<br></div><div class="battle-history">psydomia sent out <strong>Garchomp</strong>!<br></div><div class="spacer battle-history"><br></div><div class="battle-history">Go Back used <strong>Close Combat</strong>!<br></div><div class="battle-history"><small>(The opposing Garchomp lost 40% of its health!)</small><br></div><div class="battle-history"><small>Go Back's Defense fell!</small><br></div><div class="battle-history"><small>Go Back's Sp. Def fell!</small><br></div><div class="battle-history">[The opposing Garchomp's Rough Skin]<br><small>Go Back was hurt!</small><br></div><div class="battle-history"><small>Go Back was hurt by the Rocky Helmet!</small><br></div><div class="spacer battle-history"><br></div><div class="battle-history">Go Back fainted!<br></div><div class="spacer battle-history"><br></div><div class="battle-history">Go! Power of Love (<strong>Gardevoir-Mega</strong>)!<br></div><div class="battle-history"><small>Pointed stones dug into Power of Love!</small><br></div><div class="battle-history"><small>Power of Love was hurt by the spikes!</small><br></div><div class="spacer battle-history"><br></div><h2 class="battle-history">Turn 25</h2><div class="spacer battle-history"><br></div><div class="battle-history">psydomia withdrew Garchomp!<br></div><div class="battle-history">psydomia sent out <strong>Tinkaton</strong>!<br></div><div class="battle-history">[The opposing Tinkaton's Mold Breaker]<br><small>The opposing Tinkaton breaks the mold!</small><br></div><div class="spacer battle-history"><br></div><div class="battle-history">Power of Love used <strong>Hyper Voice</strong>!<br></div><div class="battle-history"><small>It's not very effective...</small><br></div><div class="battle-history"><small>(The opposing Tinkaton lost 19% of its health!)</small><br></div><div class="spacer battle-history"><br></div><div class="battle-history"><small>The opposing Tinkaton restored a little HP using its Leftovers!</small><br></div><div class="battle-history"><small>The opposing Tinkaton was hurt by its burn!</small><br></div><div class="spacer battle-history"><br></div><h2 class="battle-history">Turn 26</h2><div class="spacer battle-history"><br></div><div class="battle-history">Power of Love used <strong>Mystical Fire</strong>!<br></div><div class="battle-history"><small>It's super effective!</small><br></div><div class="battle-history"><small>(The opposing Tinkaton lost 34% of its health!)</small><br></div><div class="battle-history"><small>The opposing Tinkaton's Sp. Atk fell!</small><br></div><div class="spacer battle-history"><br></div><div class="battle-history">The opposing Tinkaton used <strong>Gigaton Hammer</strong>!<br></div><div class="battle-history"><small>It's super effective!</small><br></div><div class="battle-history"><small>(Power of Love lost 37% of its health!)</small><br></div><div class="spacer battle-history"><br></div><div class="battle-history">Power of Love fainted!<br></div><div class="spacer battle-history"><br></div><div class="battle-history"><small>The opposing Tinkaton restored a little HP using its Leftovers!</small><br></div><div class="battle-history"><small>The opposing Tinkaton was hurt by its burn!</small><br></div><div class="spacer battle-history"><br></div><div class="battle-history">Go! Friend Quest (<strong>Ogerpon-Hearthflame</strong>)!<br></div><div class="battle-history"><small>Pointed stones dug into Friend Quest!</small><br></div><div class="battle-history"><small>Friend Quest was hurt by the spikes!</small><br></div><div class="battle-history">[Friend Quest's Mold Breaker]<br><small>Friend Quest breaks the mold!</small><br></div><div class="spacer battle-history"><br></div><h2 class="battle-history">Turn 27</h2><div class="spacer battle-history"><br></div><div class="battle-history">Friend Quest used <strong>Swords Dance</strong>!<br></div><div class="battle-history"><small>Friend Quest's Attack rose sharply!</small><br></div><div class="spacer battle-history"><br></div><div class="battle-history">The opposing Tinkaton used <strong>Encore</strong>!<br></div><div class="battle-history"><small>Friend Quest must do an encore!</small><br></div><div class="spacer battle-history"><br></div><div class="battle-history"><small>The opposing Tinkaton restored a little HP using its Leftovers!</small><br></div><div class="battle-history"><small>The opposing Tinkaton was hurt by its burn!</small><br></div><div class="spacer battle-history"><br></div><h2 class="battle-history">Turn 28</h2><div class="spacer battle-history"><br></div><div class="battle-history">Friend Quest, come back!<br></div><div class="battle-history">Go! Isn't It Over? (<strong>Pecharunt</strong>)!<br></div><div class="battle-history"><small>Pointed stones dug into Isn't It Over?!</small><br></div><div class="battle-history"><small>Isn't It Over? was hurt by the spikes!</small><br></div><div class="spacer battle-history"><br></div><div class="battle-history">psydomia withdrew Tinkaton!<br></div><div class="battle-history">psydomia sent out <strong>Iron Moth</strong>!<br></div><div class="spacer battle-history"><br></div><h2 class="battle-history">Turn 29</h2><div class="spacer battle-history"><br></div><div class="battle-history">The opposing Iron Moth used <strong>Fire Blast</strong>!<br></div><div class="battle-history"><small>(Isn't It Over? lost 51% of its health!)</small><br></div><div class="spacer battle-history"><br></div><div class="battle-history">Isn't It Over? used <strong>Shadow Ball</strong>!<br></div><div class="battle-history"><small>(The opposing Iron Moth lost 19% of its health!)</small><br></div><div class="spacer battle-history"><br></div><div class="battle-history">The opposing Iron Moth fainted!<br></div><div class="spacer battle-history"><br></div><div class="battle-history">psydomia sent out <strong>Garchomp</strong>!<br></div><div class="spacer battle-history"><br></div><h2 class="battle-history">Turn 30</h2><div class="spacer battle-history"><br></div><div class="battle-history">The opposing Garchomp used <strong>Earthquake</strong>!<br></div><div class="battle-history"><small>It's super effective!</small><br></div><div class="battle-history"><small>(Isn't It Over? lost 20% of its health!)</small><br></div><div class="spacer battle-history"><br></div><div class="battle-history">Isn't It Over? fainted!<br></div><div class="spacer battle-history"><br></div><div class="battle-history">Go! Friend Quest (<strong>Ogerpon-Hearthflame</strong>)!<br></div><div class="battle-history"><small>Pointed stones dug into Friend Quest!</small><br></div><div class="battle-history"><small>Friend Quest was hurt by the spikes!</small><br></div><div class="battle-history">[Friend Quest's Mold Breaker]<br><small>Friend Quest breaks the mold!</small><br></div><div class="spacer battle-history"><br></div><h2 class="battle-history">Turn 31</h2><div class="chat chatmessage-stargn"><strong style="color:#487cbf"><small class="groupsymbol">☆</small><span class="username">StarGN</span>:</strong> <em>gg</em></div><div class="spacer battle-history"><br></div><div class="battle-history">Friend Quest used <strong>Power Whip</strong>!<br></div><div class="battle-history"><small>(The opposing Garchomp lost 41% of its health!)</small><br></div><div class="battle-history">[The opposing Garchomp's Rough Skin]<br><small>Friend Quest was hurt!</small><br></div><div class="battle-history"><small>Friend Quest was hurt by the Rocky Helmet!</small><br></div><div class="spacer battle-history"><br></div><div class="battle-history">Friend Quest fainted!<br></div><div class="spacer battle-history"><br></div><div class="battle-history"><strong>psydomia</strong> won the battle!<br></div><div class="chat chatmessage-psydomia"><strong style="color:#8c5cc3"><small class="groupsymbol">☆</small><span class="username">psydomia</span>:</strong> <em>Ggs!</em></div><div class="chat"><small> Jackstrick321 left</small></div></div><div class="inner-preempt message-log"></div></div></div>
</div>
<script>
let daily = Math.floor(Date.now()/1000/60/60/24);document.write('<script src="https://play.pokemonshowdown.com/js/replay-embed.js?version'+daily+'"></'+'script>');
</script>
