<!DOCTYPE html>
<meta charset="utf-8" />
<!-- version 1 -->
<title>[Gen 9] NatDex Draft replay: Astro Rifk vs. Pivot BVB</title>
<style>
html,body {font-family:Verdana, sans-serif;font-size:10pt;margin:0;padding:0;}body{padding:12px 0;} .battle-log {font-family:Verdana, sans-serif;font-size:10pt;} .battle-log-inline {border:1px solid #AAAAAA;background:#EEF2F5;color:black;max-width:640px;margin:0 auto 80px;padding-bottom:5px;} .battle-log .inner {padding:4px 8px 0px 8px;} .battle-log .inner-preempt {padding:0 8px 4px 8px;} .battle-log .inner-after {margin-top:0.5em;} .battle-log h2 {margin:0.5em -8px;padding:4px 8px;border:1px solid #AAAAAA;background:#E0E7EA;border-left:0;border-right:0;font-family:Verdana, sans-serif;font-size:13pt;} .battle-log .chat {vertical-align:middle;padding:3px 0 3px 0;font-size:8pt;} .battle-log .chat strong {color:#40576A;} .battle-log .chat em {padding:1px 4px 1px 3px;color:#000000;font-style:normal;} .chat.mine {background:rgba(0,0,0,0.05);margin-left:-8px;margin-right:-8px;padding-left:8px;padding-right:8px;} .spoiler {color:#BBBBBB;background:#BBBBBB;padding:0px 3px;} .spoiler:hover, .spoiler:active, .spoiler-shown {color:#000000;background:#E2E2E2;padding:0px 3px;} .spoiler a {color:#BBBBBB;} .spoiler:hover a, .spoiler:active a, .spoiler-shown a {color:#2288CC;} .chat code, .chat .spoiler:hover code, .chat .spoiler:active code, .chat .spoiler-shown code {border:1px solid #C0C0C0;background:#EEEEEE;color:black;padding:0 2px;} .chat .spoiler code {border:1px solid #CCCCCC;background:#CCCCCC;color:#CCCCCC;} .battle-log .rated {padding:3px 4px;} .battle-log .rated strong {color:white;background:#89A;padding:1px 4px;border-radius:4px;} .spacer {margin-top:0.5em;} .message-announce {background:#6688AA;color:white;padding:1px 4px 2px;} .message-announce a, .broadcast-green a, .broadcast-blue a, .broadcast-red a {color:#DDEEFF;} .broadcast-green {background-color:#559955;color:white;padding:2px 4px;} .broadcast-blue {background-color:#6688AA;color:white;padding:2px 4px;} .infobox {border:1px solid #6688AA;padding:2px 4px;} .infobox-limited {max-height:200px;overflow:auto;overflow-x:hidden;} .broadcast-red {background-color:#AA5544;color:white;padding:2px 4px;} .message-learn-canlearn {font-weight:bold;color:#228822;text-decoration:underline;} .message-learn-cannotlearn {font-weight:bold;color:#CC2222;text-decoration:underline;} .message-effect-weak {font-weight:bold;color:#CC2222;} .message-effect-resist {font-weight:bold;color:#6688AA;} .message-effect-immune {font-weight:bold;color:#666666;} .message-learn-list {margin-top:0;margin-bottom:0;} .message-throttle-notice, .message-error {color:#992222;} .message-overflow, .chat small.message-overflow {font-size:0pt;} .message-overflow::before {font-size:9pt;content:'...';} .subtle {color:#3A4A66;}
</style>
<div class="wrapper replay-wrapper" style="max-width:1180px;margin:0 auto">
<input type="hidden" name="replayid" value="gen9natdexdraft-2361995200" />
<div class="battle"></div><div class="battle-log"></div><div class="replay-controls"></div><div class="replay-controls-2"></div>
<h1 style="font-weight:normal;text-align:center"><strong>[Gen 9] NatDex Draft</strong><br /><a href="http://pokemonshowdown.com/users/astrorifk" class="subtle" target="_blank">Astro Rifk</a> vs. <a href="http://pokemonshowdown.com/users/pivotbvb" class="subtle" target="_blank">Pivot BVB</a></h1>
<script type="text/plain" class="battle-log-data">
|j|☆Astro Rifk
|j|☆Pivot BVB
|t:|1747011310
|gametype|singles
|player|p1|Astro Rifk|zinnia-masters|
|player|p2|Pivot BVB|unknown|
|teamsize|p1|6
|teamsize|p2|6
|gen|9
|tier|[Gen 9] NatDex Draft
|rule|Sleep Clause Mod: Limit one foe put to sleep
|rule|OHKO Clause: OHKO moves are banned
|rule|Evasion Clause: Evasion abilities, items, and moves are banned
|rule|Evasion Abilities Clause: Evasion abilities are banned
|rule|Evasion Items Clause: Evasion items are banned
|rule|Evasion Moves Clause: Evasion moves are banned
|rule|Endless Battle Clause: Forcing endless battles is banned
|rule|HP Percentage Mod: HP is shown in percentages
|clearpoke
|poke|p1|Raikou|
|poke|p1|Kyurem|
|poke|p1|Ting-Lu|
|poke|p1|Scizor, F|
|poke|p1|Alomomola, F|
|poke|p1|Moltres|
|poke|p2|Garchomp, F|
|poke|p2|Corviknight, M|
|poke|p2|Primarina, M|
|poke|p2|Iron Moth|
|poke|p2|Meowscarada, F|
|poke|p2|Comfey, M|
|teampreview
|
|t:|1747011396
|start
|switch|p1a: Alomomola|Alomomola, F|100\/100
|switch|p2a: Tarasca|Garchomp, F, shiny|100\/100
|turn|1
|
|t:|1747011406
|move|p2a: Tarasca|Toxic|p1a: Alomomola
|-status|p1a: Alomomola|tox
|move|p1a: Alomomola|Ice Beam|p2a: Tarasca
|-supereffective|p2a: Tarasca
|-damage|p2a: Tarasca|56\/100
|
|-heal|p2a: Tarasca|62\/100|[from] item: Leftovers
|-damage|p1a: Alomomola|94\/100 tox|[from] psn
|upkeep
|turn|2
|j| Jackstrick321
|
|t:|1747011421
|switch|p2a: Cid|Corviknight, M|100\/100
|-ability|p2a: Cid|Pressure
|move|p1a: Alomomola|Ice Beam|p2a: Cid
|-damage|p2a: Cid|92\/100
|
|-damage|p1a: Alomomola|82\/100 tox|[from] psn
|upkeep
|turn|3
|
|t:|1747011439
|move|p2a: Cid|U-turn|p1a: Alomomola
|-damage|p1a: Alomomola|73\/100 tox
|
|t:|1747011442
|switch|p2a: Sirena|Primarina, M|100\/100|[from] U-turn
|move|p1a: Alomomola|Flip Turn|p2a: Sirena
|-resisted|p2a: Sirena
|-damage|p2a: Sirena|94\/100
|-damage|p1a: Alomomola|57\/100 tox|[from] item: Rocky Helmet|[of] p2a: Sirena
|
|t:|1747011457
|switch|p1a: Kyurem|Kyurem|100\/100|[from] Flip Turn
|-ability|p1a: Kyurem|Pressure
|
|upkeep
|turn|4
|
|t:|1747011470
|switch|p2a: Cid|Corviknight, M|92\/100
|-ability|p2a: Cid|Pressure
|move|p1a: Kyurem|Freeze-Dry|p2a: Cid
|-damage|p2a: Cid|51\/100
|
|upkeep
|turn|5
|
|t:|1747011486
|switch|p1a: Alomomola|Alomomola, F|90\/100 tox
|move|p2a: Cid|Roost|p2a: Cid
|-heal|p2a: Cid|100\/100
|-singleturn|p2a: Cid|move: Roost
|
|-damage|p1a: Alomomola|84\/100 tox|[from] psn
|upkeep
|turn|6
|
|t:|1747011519
|move|p2a: Cid|Iron Head|p1a: Alomomola
|-resisted|p1a: Alomomola
|-damage|p1a: Alomomola|76\/100 tox
|move|p1a: Alomomola|Flip Turn|p2a: Cid
|-damage|p2a: Cid|87\/100
|
|t:|1747011554
|switch|p1a: Raikou|Raikou|100\/100|[from] Flip Turn
|-ability|p1a: Raikou|Pressure
|
|upkeep
|turn|7
|l| Jackstrick321
|j| Jackstrick321
|
|t:|1747011613
|switch|p2a: Pasion|Comfey, M, shiny|100\/100
|move|p1a: Raikou|Scald|p2a: Pasion
|-damage|p2a: Pasion|73\/100
|
|upkeep
|turn|8
|
|t:|1747011624
|move|p1a: Raikou|Volt Switch|p2a: Pasion
|-damage|p2a: Pasion|38\/100
|
|t:|1747011635
|switch|p1a: Moltres|Moltres|100\/100|[from] Volt Switch
|move|p2a: Pasion|Calm Mind|p2a: Pasion
|-boost|p2a: Pasion|spa|1
|-boost|p2a: Pasion|spd|1
|
|upkeep
|turn|9
|
|t:|1747011648
|-terastallize|p2a: Pasion|Fire
|move|p2a: Pasion|Calm Mind|p2a: Pasion
|-boost|p2a: Pasion|spa|1
|-boost|p2a: Pasion|spd|1
|move|p1a: Moltres|U-turn|p2a: Pasion
|-resisted|p2a: Pasion
|-damage|p2a: Pasion|27\/100
|
|t:|1747011679
|switch|p1a: Ting-Lu|Ting-Lu|100\/100|[from] U-turn
|-ability|p1a: Ting-Lu|Vessel of Ruin
|
|upkeep
|turn|10
|
|t:|1747011691
|move|p2a: Pasion|Draining Kiss|p1a: Ting-Lu
|-supereffective|p1a: Ting-Lu
|-damage|p1a: Ting-Lu|32\/100
|-heal|p2a: Pasion|100\/100|[from] drain|[of] p1a: Ting-Lu
|-damage|p2a: Pasion|91\/100|[from] item: Life Orb
|move|p1a: Ting-Lu|Earthquake|p2a: Pasion
|-supereffective|p2a: Pasion
|-damage|p2a: Pasion|8\/100
|
|-heal|p1a: Ting-Lu|38\/100|[from] item: Leftovers
|upkeep
|turn|11
|
|t:|1747011778
|switch|p1a: Moltres|Moltres|100\/100
|move|p2a: Pasion|Draining Kiss|p1a: Moltres
|-resisted|p1a: Moltres
|-damage|p1a: Moltres|82\/100
|-heal|p2a: Pasion|25\/100|[from] drain|[of] p1a: Moltres
|-damage|p2a: Pasion|15\/100|[from] item: Life Orb
|
|upkeep
|turn|12
|
|t:|1747011787
|move|p2a: Pasion|Draining Kiss|p1a: Moltres
|-resisted|p1a: Moltres
|-damage|p1a: Moltres|64\/100
|-heal|p2a: Pasion|33\/100|[from] drain|[of] p1a: Moltres
|-damage|p2a: Pasion|23\/100|[from] item: Life Orb
|move|p1a: Moltres|Scorching Sands|p2a: Pasion
|-supereffective|p2a: Pasion
|-damage|p2a: Pasion|1\/100
|
|upkeep
|turn|13
|
|t:|1747011811
|move|p2a: Pasion|Draining Kiss|p1a: Moltres
|-resisted|p1a: Moltres
|-damage|p1a: Moltres|44\/100
|-heal|p2a: Pasion|20\/100|[from] drain|[of] p1a: Moltres
|-damage|p2a: Pasion|11\/100|[from] item: Life Orb
|move|p1a: Moltres|U-turn|p2a: Pasion
|-resisted|p2a: Pasion
|-damage|p2a: Pasion|0 fnt
|faint|p2a: Pasion
|
|t:|1747011815
|switch|p1a: Alomomola|Alomomola, F|100\/100 tox|[from] U-turn
|
|-damage|p1a: Alomomola|94\/100 tox|[from] psn
|upkeep
|
|t:|1747011833
|switch|p2a: Sirena|Primarina, M|94\/100
|turn|14
|
|t:|1747011842
|move|p2a: Sirena|Calm Mind|p2a: Sirena
|-boost|p2a: Sirena|spa|1
|-boost|p2a: Sirena|spd|1
|move|p1a: Alomomola|Wish|p1a: Alomomola
|
|-damage|p1a: Alomomola|82\/100 tox|[from] psn
|upkeep
|turn|15
|
|t:|1747011853
|move|p2a: Sirena|Calm Mind|p2a: Sirena
|-boost|p2a: Sirena|spa|1
|-boost|p2a: Sirena|spd|1
|move|p1a: Alomomola|Flip Turn|p2a: Sirena
|-resisted|p2a: Sirena
|-damage|p2a: Sirena|87\/100
|-damage|p1a: Alomomola|65\/100 tox|[from] item: Rocky Helmet|[of] p2a: Sirena
|
|t:|1747012043
|switch|p1a: Ting-Lu|Ting-Lu|38\/100|[from] Flip Turn
|-ability|p1a: Ting-Lu|Vessel of Ruin
|
|-heal|p1a: Ting-Lu|84\/100|[from] move: Wish|[wisher] Alomomola
|-heal|p1a: Ting-Lu|90\/100|[from] item: Leftovers
|upkeep
|turn|16
|
|t:|1747012053
|move|p2a: Sirena|Scald|p1a: Ting-Lu
|-supereffective|p1a: Ting-Lu
|-damage|p1a: Ting-Lu|16\/100
|-status|p1a: Ting-Lu|brn
|move|p1a: Ting-Lu|Whirlwind|p2a: Sirena
|drag|p2a: Cid|Corviknight, M|87\/100
|-ability|p2a: Cid|Pressure
|
|-heal|p1a: Ting-Lu|22\/100 brn|[from] item: Leftovers
|-damage|p1a: Ting-Lu|16\/100 brn|[from] brn
|upkeep
|turn|17
|
|t:|1747012068
|switch|p1a: Alomomola|Alomomola, F|99\/100 tox
|move|p2a: Cid|U-turn|p1a: Alomomola
|-damage|p1a: Alomomola|91\/100 tox
|
|t:|1747012091
|switch|p2a: Sirena|Primarina, M|87\/100|[from] U-turn
|
|-damage|p1a: Alomomola|85\/100 tox|[from] psn
|upkeep
|turn|18
|
|t:|1747012104
|move|p2a: Sirena|Calm Mind|p2a: Sirena
|-boost|p2a: Sirena|spa|1
|-boost|p2a: Sirena|spd|1
|move|p1a: Alomomola|Flip Turn|p2a: Sirena
|-resisted|p2a: Sirena
|-damage|p2a: Sirena|80\/100
|-damage|p1a: Alomomola|68\/100 tox|[from] item: Rocky Helmet|[of] p2a: Sirena
|
|t:|1747012117
|switch|p1a: Kyurem|Kyurem|100\/100|[from] Flip Turn
|-ability|p1a: Kyurem|Pressure
|
|upkeep
|turn|19
|
|t:|1747012125
|switch|p2a: Cid|Corviknight, M|87\/100
|-ability|p2a: Cid|Pressure
|move|p1a: Kyurem|Freeze-Dry|p2a: Cid
|-damage|p2a: Cid|46\/100
|
|upkeep
|turn|20
|
|t:|1747012133
|switch|p1a: Alomomola|Alomomola, F|100\/100 tox
|move|p2a: Cid|Roost|p2a: Cid
|-heal|p2a: Cid|96\/100
|-singleturn|p2a: Cid|move: Roost
|
|-damage|p1a: Alomomola|94\/100 tox|[from] psn
|upkeep
|turn|21
|
|t:|1747012168
|move|p2a: Cid|U-turn|p1a: Alomomola
|-damage|p1a: Alomomola|85\/100 tox
|
|t:|1747012170
|switch|p2a: Illan|Meowscarada, F|100\/100|[from] U-turn
|move|p1a: Alomomola|Wish|p1a: Alomomola
|
|-damage|p1a: Alomomola|73\/100 tox|[from] psn
|upkeep
|turn|22
|
|t:|1747012183
|move|p1a: Alomomola|Protect|p1a: Alomomola
|-singleturn|p1a: Alomomola|Protect
|move|p2a: Illan|Knock Off|p1a: Alomomola
|-start|p2a: Illan|typechange|Dark|[from] ability: Protean
|-activate|p1a: Alomomola|move: Protect
|
|-heal|p1a: Alomomola|100\/100 tox|[from] move: Wish|[wisher] Alomomola
|-damage|p1a: Alomomola|82\/100 tox|[from] psn
|upkeep
|turn|23
|
|t:|1747012198
|switch|p1a: Scizor|Scizor, F|100\/100
|move|p2a: Illan|Knock Off|p1a: Scizor
|-damage|p1a: Scizor|77\/100
|
|upkeep
|turn|24
|
|t:|1747012214
|switch|p2a: Cid|Corviknight, M|96\/100
|-ability|p2a: Cid|Pressure
|detailschange|p1a: Scizor|Scizor-Mega, F
|-mega|p1a: Scizor|Scizor|Scizorite
|move|p1a: Scizor|Knock Off|p2a: Cid
|-damage|p2a: Cid|72\/100
|-enditem|p2a: Cid|Wacan Berry|[from] move: Knock Off|[of] p1a: Scizor
|
|upkeep
|turn|25
|
|t:|1747012222
|switch|p1a: Alomomola|Alomomola, F|100\/100 tox
|move|p2a: Cid|Roost|p2a: Cid
|-heal|p2a: Cid|100\/100
|-singleturn|p2a: Cid|move: Roost
|
|-damage|p1a: Alomomola|94\/100 tox|[from] psn
|upkeep
|turn|26
|
|t:|1747012257
|move|p2a: Cid|Iron Head|p1a: Alomomola
|-resisted|p1a: Alomomola
|-damage|p1a: Alomomola|87\/100 tox
|cant|p1a: Alomomola|flinch
|
|-damage|p1a: Alomomola|74\/100 tox|[from] psn
|upkeep
|turn|27
|
|t:|1747012268
|move|p2a: Cid|Iron Head|p1a: Alomomola
|-resisted|p1a: Alomomola
|-damage|p1a: Alomomola|67\/100 tox
|move|p1a: Alomomola|Wish|p1a: Alomomola
|
|-damage|p1a: Alomomola|48\/100 tox|[from] psn
|upkeep
|turn|28
|
|t:|1747012287
|switch|p1a: Moltres|Moltres|44\/100
|move|p2a: Cid|Iron Head|p1a: Moltres
|-resisted|p1a: Moltres
|-damage|p1a: Moltres|31\/100
|
|-heal|p1a: Moltres|92\/100|[from] move: Wish|[wisher] Alomomola
|upkeep
|turn|29
|
|t:|1747012296
|switch|p2a: Tarasca|Garchomp, F, shiny|62\/100
|move|p1a: Moltres|U-turn|p2a: Tarasca
|-damage|p2a: Tarasca|52\/100
|-damage|p1a: Moltres|80\/100|[from] ability: Rough Skin|[of] p2a: Tarasca
|
|t:|1747012299
|switch|p1a: Raikou|Raikou|100\/100|[from] U-turn
|-ability|p1a: Raikou|Pressure
|
|-heal|p2a: Tarasca|58\/100|[from] item: Leftovers
|upkeep
|turn|30
|
|t:|1747012329
|-terastallize|p1a: Raikou|Fairy
|move|p1a: Raikou|Tera Blast|p2a: Tarasca|[anim] Tera Blast Fairy
|-supereffective|p2a: Tarasca
|-damage|p2a: Tarasca|0 fnt
|faint|p2a: Tarasca
|
|upkeep
|
|t:|1747012333
|switch|p2a: Diablo|Iron Moth, shiny|100\/100
|turn|31
|
|t:|1747012357
|switch|p1a: Alomomola|Alomomola, F|82\/100 tox
|move|p2a: Diablo|Fiery Dance|p1a: Alomomola
|-resisted|p1a: Alomomola
|-damage|p1a: Alomomola|58\/100 tox
|-boost|p2a: Diablo|spa|1
|
|-damage|p1a: Alomomola|52\/100 tox|[from] psn
|upkeep
|turn|32
|
|t:|1747012379
|move|p2a: Diablo|Discharge|p1a: Alomomola
|-supereffective|p1a: Alomomola
|-damage|p1a: Alomomola|0 fnt
|faint|p1a: Alomomola
|
|upkeep
|c|☆Astro Rifk|god i fucking hate fiery dance
|
|t:|1747012408
|switch|p1a: Kyurem|Kyurem|100\/100
|-ability|p1a: Kyurem|Pressure
|turn|33
|
|t:|1747012416
|move|p2a: Diablo|U-turn|p1a: Kyurem
|-damage|p1a: Kyurem|91\/100
|
|t:|1747012418
|-end|p2a: Diablo|Quark Drive|[silent]
|switch|p2a: Cid|Corviknight, M|100\/100|[from] U-turn
|-ability|p2a: Cid|Pressure
|move|p1a: Kyurem|Earth Power|p2a: Cid
|-immune|p2a: Cid
|
|upkeep
|turn|34
|
|t:|1747012425
|switch|p1a: Moltres|Moltres|80\/100
|move|p2a: Cid|U-turn|p1a: Moltres
|-resisted|p1a: Moltres
|-damage|p1a: Moltres|77\/100
|
|t:|1747012441
|switch|p2a: Sirena|Primarina, M|80\/100|[from] U-turn
|
|upkeep
|turn|35
|
|t:|1747012449
|move|p1a: Moltres|U-turn|p2a: Sirena
|-resisted|p2a: Sirena
|-damage|p2a: Sirena|73\/100
|-damage|p1a: Moltres|60\/100|[from] item: Rocky Helmet|[of] p2a: Sirena
|
|t:|1747012475
|switch|p1a: Raikou|Raikou, tera:Fairy|100\/100|[from] U-turn
|-ability|p1a: Raikou|Pressure
|move|p2a: Sirena|Scald|p1a: Raikou
|-damage|p1a: Raikou|68\/100
|
|upkeep
|turn|36
|
|t:|1747012497
|move|p1a: Raikou|Thunderbolt|p2a: Sirena
|-supereffective|p2a: Sirena
|-damage|p2a: Sirena|2\/100
|move|p2a: Sirena|Scald|p1a: Raikou
|-damage|p1a: Raikou|11\/100
|-status|p1a: Raikou|brn
|
|-damage|p1a: Raikou|5\/100 brn|[from] brn
|upkeep
|turn|37
|c|☆Astro Rifk|oh my god
|c|☆Astro Rifk|yea i get mothed now
|c|☆Pivot BVB|indeed you do
|
|t:|1747012523
|move|p1a: Raikou|Volt Switch|p2a: Sirena
|-supereffective|p2a: Sirena
|-damage|p2a: Sirena|0 fnt
|faint|p2a: Sirena
|l| Jackstrick321
|
|t:|1747012527
|switch|p1a: Kyurem|Kyurem|91\/100|[from] Volt Switch
|-ability|p1a: Kyurem|Pressure
|
|upkeep
|
|t:|1747012531
|switch|p2a: Cid|Corviknight, M|100\/100
|-ability|p2a: Cid|Pressure
|turn|38
|
|t:|1747012539
|switch|p1a: Moltres|Moltres|60\/100
|move|p2a: Cid|U-turn|p1a: Moltres
|-resisted|p1a: Moltres
|-damage|p1a: Moltres|57\/100
|-status|p2a: Cid|brn|[from] ability: Flame Body|[of] p1a: Moltres
|
|t:|1747012553
|switch|p2a: Illan|Meowscarada, F|100\/100|[from] U-turn
|
|upkeep
|turn|39
|
|t:|1747012563
|switch|p1a: Ting-Lu|Ting-Lu|16\/100 brn
|-ability|p1a: Ting-Lu|Vessel of Ruin
|move|p2a: Illan|Power Gem|p1a: Ting-Lu
|-start|p2a: Illan|typechange|Rock|[from] ability: Protean
|-resisted|p1a: Ting-Lu
|-damage|p1a: Ting-Lu|10\/100 brn
|
|-heal|p1a: Ting-Lu|17\/100 brn|[from] item: Leftovers
|-damage|p1a: Ting-Lu|10\/100 brn|[from] brn
|upkeep
|turn|40
|
|t:|1747012573
|move|p2a: Illan|Play Rough|p1a: Ting-Lu
|-supereffective|p1a: Ting-Lu
|-damage|p1a: Ting-Lu|0 fnt
|faint|p1a: Ting-Lu
|
|upkeep
|
|t:|1747012578
|switch|p1a: Scizor|Scizor-Mega, F|77\/100
|turn|41
|
|t:|1747012587
|switch|p2a: Cid|Corviknight, M|100\/100 brn
|-ability|p2a: Cid|Pressure
|move|p1a: Scizor|Knock Off|p2a: Cid
|-crit|p2a: Cid
|-damage|p2a: Cid|74\/100 brn
|
|-damage|p2a: Cid|68\/100 brn|[from] brn
|upkeep
|turn|42
|
|t:|1747012595
|switch|p1a: Moltres|Moltres|57\/100
|move|p2a: Cid|U-turn|p1a: Moltres
|-resisted|p1a: Moltres
|-damage|p1a: Moltres|55\/100
|
|t:|1747012597
|switch|p2a: Diablo|Iron Moth, shiny|100\/100|[from] U-turn
|
|upkeep
|turn|43
|
|t:|1747012604
|move|p2a: Diablo|U-turn|p1a: Moltres
|-resisted|p1a: Moltres
|-damage|p1a: Moltres|52\/100
|
|t:|1747012606
|-end|p2a: Diablo|Quark Drive|[silent]
|switch|p2a: Illan|Meowscarada, F|100\/100|[from] U-turn
|move|p1a: Moltres|Scorching Sands|p2a: Illan
|-resisted|p2a: Illan
|-damage|p2a: Illan|85\/100
|
|upkeep
|turn|44
|
|t:|1747012614
|switch|p1a: Scizor|Scizor-Mega, F|77\/100
|move|p2a: Illan|Power Gem|p1a: Scizor
|-start|p2a: Illan|typechange|Rock|[from] ability: Protean
|-damage|p1a: Scizor|57\/100
|
|upkeep
|turn|45
|
|t:|1747012620
|switch|p2a: Cid|Corviknight, M|68\/100 brn
|-ability|p2a: Cid|Pressure
|move|p1a: Scizor|Knock Off|p2a: Cid
|-damage|p2a: Cid|50\/100 brn
|
|-damage|p2a: Cid|44\/100 brn|[from] brn
|upkeep
|turn|46
|
|t:|1747012627
|switch|p1a: Moltres|Moltres|52\/100
|move|p2a: Cid|Roost|p2a: Cid
|-heal|p2a: Cid|94\/100 brn
|-singleturn|p2a: Cid|move: Roost
|
|-damage|p2a: Cid|88\/100 brn|[from] brn
|upkeep
|turn|47
|
|t:|1747012635
|move|p2a: Cid|U-turn|p1a: Moltres
|-resisted|p1a: Moltres
|-damage|p1a: Moltres|50\/100
|c|☆Pivot BVB|fuck
|
|t:|1747012674
|switch|p2a: Diablo|Iron Moth, shiny|100\/100|[from] U-turn
|move|p1a: Moltres|Roost|p1a: Moltres
|-heal|p1a: Moltres|100\/100
|-singleturn|p1a: Moltres|move: Roost
|
|upkeep
|turn|48
|
|t:|1747012695
|move|p2a: Diablo|U-turn|p1a: Moltres
|-resisted|p1a: Moltres
|-damage|p1a: Moltres|98\/100
|
|t:|1747012697
|-end|p2a: Diablo|Quark Drive|[silent]
|switch|p2a: Cid|Corviknight, M|88\/100 brn|[from] U-turn
|-ability|p2a: Cid|Pressure
|move|p1a: Moltres|Scorching Sands|p2a: Cid
|-immune|p2a: Cid
|
|-damage|p2a: Cid|82\/100 brn|[from] brn
|upkeep
|turn|49
|
|t:|1747012705
|move|p2a: Cid|Roost|p2a: Cid
|-heal|p2a: Cid|100\/100 brn
|-singleturn|p2a: Cid|move: Roost
|move|p1a: Moltres|Flamethrower|p2a: Cid
|-supereffective|p2a: Cid
|-damage|p2a: Cid|46\/100 brn
|
|-damage|p2a: Cid|40\/100 brn|[from] brn
|upkeep
|turn|50
|
|t:|1747012715
|move|p2a: Cid|Iron Head|p1a: Moltres
|-resisted|p1a: Moltres
|-damage|p1a: Moltres|92\/100
|cant|p1a: Moltres|flinch
|
|-damage|p2a: Cid|34\/100 brn|[from] brn
|upkeep
|turn|51
|
|t:|1747012729
|move|p2a: Cid|Roost|p2a: Cid
|-heal|p2a: Cid|84\/100 brn
|-singleturn|p2a: Cid|move: Roost
|move|p1a: Moltres|Scorching Sands|p2a: Cid
|-supereffective|p2a: Cid
|-damage|p2a: Cid|59\/100 brn
|
|-damage|p2a: Cid|53\/100 brn|[from] brn
|upkeep
|turn|52
|
|t:|1747012737
|move|p2a: Cid|Iron Head|p1a: Moltres
|-resisted|p1a: Moltres
|-damage|p1a: Moltres|87\/100
|cant|p1a: Moltres|flinch
|
|-damage|p2a: Cid|46\/100 brn|[from] brn
|upkeep
|turn|53
|
|t:|1747012748
|move|p2a: Cid|Roost|p2a: Cid
|-heal|p2a: Cid|96\/100 brn
|-singleturn|p2a: Cid|move: Roost
|move|p1a: Moltres|Roost|p1a: Moltres
|-heal|p1a: Moltres|100\/100
|-singleturn|p1a: Moltres|move: Roost
|
|-damage|p2a: Cid|90\/100 brn|[from] brn
|upkeep
|turn|54
|
|t:|1747012766
|move|p2a: Cid|Iron Head|p1a: Moltres
|-resisted|p1a: Moltres
|-damage|p1a: Moltres|94\/100
|move|p1a: Moltres|Flamethrower|p2a: Cid
|-supereffective|p2a: Cid
|-damage|p2a: Cid|34\/100 brn
|
|-damage|p2a: Cid|28\/100 brn|[from] brn
|upkeep
|turn|55
|
|t:|1747012776
|move|p2a: Cid|Roost|p2a: Cid
|-heal|p2a: Cid|78\/100 brn
|-singleturn|p2a: Cid|move: Roost
|move|p1a: Moltres|Flamethrower|p2a: Cid
|-supereffective|p2a: Cid
|-damage|p2a: Cid|26\/100 brn
|
|-damage|p2a: Cid|20\/100 brn|[from] brn
|upkeep
|turn|56
|
|t:|1747012787
|move|p2a: Cid|Iron Head|p1a: Moltres
|-resisted|p1a: Moltres
|-crit|p1a: Moltres
|-damage|p1a: Moltres|85\/100
|move|p1a: Moltres|Scorching Sands|p2a: Cid
|-immune|p2a: Cid
|
|-damage|p2a: Cid|14\/100 brn|[from] brn
|upkeep
|turn|57
|
|t:|1747012795
|move|p2a: Cid|Iron Head|p1a: Moltres
|-resisted|p1a: Moltres
|-damage|p1a: Moltres|79\/100
|move|p1a: Moltres|Roost|p1a: Moltres
|-heal|p1a: Moltres|100\/100
|-singleturn|p1a: Moltres|move: Roost
|
|-damage|p2a: Cid|8\/100 brn|[from] brn
|upkeep
|turn|58
|
|t:|1747012802
|move|p2a: Cid|Iron Head|p1a: Moltres
|-resisted|p1a: Moltres
|-damage|p1a: Moltres|95\/100
|move|p1a: Moltres|Flamethrower|p2a: Cid
|-supereffective|p2a: Cid
|-damage|p2a: Cid|0 fnt
|faint|p2a: Cid
|
|upkeep
|
|t:|1747012807
|switch|p2a: Illan|Meowscarada, F|85\/100
|turn|59
|
|t:|1747012848
|switch|p1a: Raikou|Raikou, tera:Fairy|5\/100 brn
|-ability|p1a: Raikou|Pressure
|move|p2a: Illan|Power Gem|p1a: Raikou
|-start|p2a: Illan|typechange|Rock|[from] ability: Protean
|-damage|p1a: Raikou|0 fnt
|faint|p1a: Raikou
|
|upkeep
|
|t:|1747012851
|switch|p1a: Scizor|Scizor-Mega, F|57\/100
|turn|60
|
|t:|1747012867
|move|p2a: Illan|U-turn|p1a: Scizor
|-resisted|p1a: Scizor
|-damage|p1a: Scizor|51\/100
|
|t:|1747012869
|switch|p2a: Diablo|Iron Moth, shiny|100\/100|[from] U-turn
|move|p1a: Scizor|Knock Off|p2a: Diablo
|-damage|p2a: Diablo|45\/100
|-enditem|p2a: Diablo|Heavy-Duty Boots|[from] move: Knock Off|[of] p1a: Scizor
|
|upkeep
|turn|61
|
|t:|1747012879
|switch|p1a: Moltres|Moltres|95\/100
|move|p2a: Diablo|Fiery Dance|p1a: Moltres
|-resisted|p1a: Moltres
|-damage|p1a: Moltres|78\/100
|
|upkeep
|turn|62
|
|t:|1747012891
|move|p2a: Diablo|U-turn|p1a: Moltres
|-resisted|p1a: Moltres
|-damage|p1a: Moltres|76\/100
|
|t:|1747012893
|-end|p2a: Diablo|Quark Drive|[silent]
|switch|p2a: Illan|Meowscarada, F|85\/100|[from] U-turn
|move|p1a: Moltres|Scorching Sands|p2a: Illan
|-resisted|p2a: Illan
|-damage|p2a: Illan|71\/100
|-status|p2a: Illan|brn
|
|-damage|p2a: Illan|65\/100 brn|[from] brn
|upkeep
|turn|63
|
|t:|1747012901
|switch|p1a: Scizor|Scizor-Mega, F|51\/100
|move|p2a: Illan|Power Gem|p1a: Scizor
|-start|p2a: Illan|typechange|Rock|[from] ability: Protean
|-damage|p1a: Scizor|32\/100
|
|-damage|p2a: Illan|59\/100 brn|[from] brn
|upkeep
|turn|64
|
|t:|1747012912
|move|p2a: Illan|Power Gem|p1a: Scizor
|-damage|p1a: Scizor|11\/100
|move|p1a: Scizor|Knock Off|p2a: Illan
|-damage|p2a: Illan|10\/100 brn
|-enditem|p2a: Illan|Protective Pads|[from] move: Knock Off|[of] p1a: Scizor
|
|-damage|p2a: Illan|3\/100 brn|[from] brn
|upkeep
|turn|65
|
|t:|1747012929
|move|p1a: Scizor|Bullet Punch|p2a: Illan
|-supereffective|p2a: Illan
|-damage|p2a: Illan|0 fnt
|faint|p2a: Illan
|
|upkeep
|
|t:|1747012931
|switch|p2a: Diablo|Iron Moth, shiny|45\/100
|turn|66
|
|t:|1747012938
|move|p1a: Scizor|Bullet Punch|p2a: Diablo
|-resisted|p2a: Diablo
|-damage|p2a: Diablo|20\/100
|move|p2a: Diablo|Fiery Dance|p1a: Scizor
|-supereffective|p1a: Scizor
|-damage|p1a: Scizor|0 fnt
|-boost|p2a: Diablo|spa|1
|faint|p1a: Scizor
|
|upkeep
|c|☆Pivot BVB|cmon
|
|t:|1747012959
|switch|p1a: Moltres|Moltres|76\/100
|turn|67
|
|t:|1747012967
|move|p2a: Diablo|Discharge|p1a: Moltres
|-supereffective|p1a: Moltres
|-damage|p1a: Moltres|12\/100
|move|p1a: Moltres|Scorching Sands|p2a: Diablo
|-supereffective|p2a: Diablo
|-damage|p2a: Diablo|0 fnt
|faint|p2a: Diablo
|-end|p2a: Diablo|Quark Drive|[silent]
|
|win|Astro Rifk
|c|☆Pivot BVB|dammmmit
|c|☆Astro Rifk|u got enough t1 scalds its alright

</script>
</div>
<div class="battle-log battle-log-inline"><div class="inner"><div class="battle-options"></div><div class="inner message-log"><div class="chat"><small>☆Astro Rifk and ☆Pivot BVB joined</small></div><div class=""><small>Format:</small> <br><strong>[Gen 9] NatDex Draft</strong></div><div class=""><small><em>Sleep Clause Mod:</em> Limit one foe put to sleep</small></div><div class=""><small><em>OHKO Clause:</em> OHKO moves are banned</small></div><div class=""><small><em>Evasion Clause:</em> Evasion abilities, items, and moves are banned</small></div><div class=""><small><em>Evasion Abilities Clause:</em> Evasion abilities are banned</small></div><div class=""><small><em>Evasion Items Clause:</em> Evasion items are banned</small></div><div class=""><small><em>Evasion Moves Clause:</em> Evasion moves are banned</small></div><div class=""><small><em>Endless Battle Clause:</em> Forcing endless battles is banned</small></div><div class=""><small><em>HP Percentage Mod:</em> HP is shown in percentages</small></div><div class="chat battle-history"><strong>Astro Rifk's team:</strong> <em style="color:#445566;display:block;">Raikou / Kyurem / Ting-Lu / Scizor / Alomomola / Moltres</em></div><div class="chat battle-history"><strong>Pivot BVB's team:</strong> <em style="color:#445566;display:block;">Garchomp / Corviknight / Primarina / Iron Moth / Meowscarada / Comfey</em></div><div class="spacer battle-history"><br></div><div class="battle-history">Battle started between Astro Rifk and Pivot BVB!<br></div><div class="spacer battle-history"><br></div><div class="battle-history">Go! <strong>Alomomola</strong>!<br></div><div class="spacer battle-history"><br></div><div class="battle-history">Pivot BVB sent out Tarasca (<strong>Garchomp</strong>)!<br></div><div class="spacer battle-history"><br></div><h2 class="battle-history">Turn 1</h2><div class="spacer battle-history"><br></div><div class="battle-history">The opposing Tarasca used <strong>Toxic</strong>!<br></div><div class="battle-history"><small>Alomomola was badly poisoned!</small><br></div><div class="spacer battle-history"><br></div><div class="battle-history">Alomomola used <strong>Ice Beam</strong>!<br></div><div class="battle-history"><small>It's super effective!</small><br></div><div class="battle-history"><small>(The opposing Tarasca lost 44% of its health!)</small><br></div><div class="spacer battle-history"><br></div><div class="battle-history"><small>The opposing Tarasca restored a little HP using its Leftovers!</small><br></div><div class="battle-history"><small>Alomomola was hurt by poison!</small><br></div><div class="spacer battle-history"><br></div><h2 class="battle-history">Turn 2</h2><div class="chat"><small> Jackstrick321 joined</small></div><div class="spacer battle-history"><br></div><div class="battle-history">Pivot BVB withdrew Tarasca!<br></div><div class="battle-history">Pivot BVB sent out Cid (<strong>Corviknight</strong>)!<br></div><div class="battle-history">[The opposing Cid's Pressure]<br><small>The opposing Cid is exerting its pressure!</small><br></div><div class="spacer battle-history"><br></div><div class="battle-history">Alomomola used <strong>Ice Beam</strong>!<br></div><div class="battle-history"><small>(The opposing Cid lost 8% of its health!)</small><br></div><div class="spacer battle-history"><br></div><div class="battle-history"><small>Alomomola was hurt by poison!</small><br></div><div class="spacer battle-history"><br></div><h2 class="battle-history">Turn 3</h2><div class="spacer battle-history"><br></div><div class="battle-history">The opposing Cid used <strong>U-turn</strong>!<br></div><div class="battle-history"><small>(Alomomola lost 9% of its health!)</small><br></div><div class="spacer battle-history"><br></div><div class="battle-history">The opposing Cid went back to Pivot BVB!<br></div><div class="battle-history">Pivot BVB sent out Sirena (<strong>Primarina</strong>)!<br></div><div class="spacer battle-history"><br></div><div class="battle-history">Alomomola used <strong>Flip Turn</strong>!<br></div><div class="battle-history"><small>It's not very effective...</small><br></div><div class="battle-history"><small>(The opposing Sirena lost 6% of its health!)</small><br></div><div class="battle-history"><small>Alomomola was hurt by the Rocky Helmet!</small><br></div><div class="spacer battle-history"><br></div><div class="battle-history">Alomomola went back to Astro Rifk!<br></div><div class="battle-history">Go! <strong>Kyurem</strong>!<br></div><div class="battle-history">[Kyurem's Pressure]<br><small>Kyurem is exerting its pressure!</small><br></div><div class="spacer battle-history"><br></div><h2 class="battle-history">Turn 4</h2><div class="spacer battle-history"><br></div><div class="battle-history">Pivot BVB withdrew Sirena!<br></div><div class="battle-history">Pivot BVB sent out Cid (<strong>Corviknight</strong>)!<br></div><div class="battle-history">[The opposing Cid's Pressure]<br><small>The opposing Cid is exerting its pressure!</small><br></div><div class="spacer battle-history"><br></div><div class="battle-history">Kyurem used <strong>Freeze-Dry</strong>!<br></div><div class="battle-history"><small>(The opposing Cid lost 41% of its health!)</small><br></div><div class="spacer battle-history"><br></div><h2 class="battle-history">Turn 5</h2><div class="spacer battle-history"><br></div><div class="battle-history">Kyurem, come back!<br></div><div class="battle-history">Go! <strong>Alomomola</strong>!<br></div><div class="spacer battle-history"><br></div><div class="battle-history">The opposing Cid used <strong>Roost</strong>!<br></div><div class="battle-history"><small>The opposing Cid had its HP restored.</small><br></div><div class="battle-history"><small>(The opposing Cid loses Flying type this turn.)</small><br></div><div class="spacer battle-history"><br></div><div class="battle-history"><small>Alomomola was hurt by poison!</small><br></div><div class="spacer battle-history"><br></div><h2 class="battle-history">Turn 6</h2><div class="spacer battle-history"><br></div><div class="battle-history">The opposing Cid used <strong>Iron Head</strong>!<br></div><div class="battle-history"><small>It's not very effective...</small><br></div><div class="battle-history"><small>(Alomomola lost 8% of its health!)</small><br></div><div class="spacer battle-history"><br></div><div class="battle-history">Alomomola used <strong>Flip Turn</strong>!<br></div><div class="battle-history"><small>(The opposing Cid lost 13% of its health!)</small><br></div><div class="spacer battle-history"><br></div><div class="battle-history">Alomomola went back to Astro Rifk!<br></div><div class="battle-history">Go! <strong>Raikou</strong>!<br></div><div class="battle-history">[Raikou's Pressure]<br><small>Raikou is exerting its pressure!</small><br></div><div class="spacer battle-history"><br></div><h2 class="battle-history">Turn 7</h2><div class="chat"><small></small></div><div class="spacer battle-history"><br></div><div class="battle-history">Pivot BVB withdrew Cid!<br></div><div class="battle-history">Pivot BVB sent out Pasion (<strong>Comfey</strong>)!<br></div><div class="spacer battle-history"><br></div><div class="battle-history">Raikou used <strong>Scald</strong>!<br></div><div class="battle-history"><small>(The opposing Pasion lost 27% of its health!)</small><br></div><div class="spacer battle-history"><br></div><h2 class="battle-history">Turn 8</h2><div class="spacer battle-history"><br></div><div class="battle-history">Raikou used <strong>Volt Switch</strong>!<br></div><div class="battle-history"><small>(The opposing Pasion lost 35% of its health!)</small><br></div><div class="spacer battle-history"><br></div><div class="battle-history">Raikou went back to Astro Rifk!<br></div><div class="battle-history">Go! <strong>Moltres</strong>!<br></div><div class="spacer battle-history"><br></div><div class="battle-history">The opposing Pasion used <strong>Calm Mind</strong>!<br></div><div class="battle-history"><small>The opposing Pasion's Sp. Atk rose!</small><br></div><div class="battle-history"><small>The opposing Pasion's Sp. Def rose!</small><br></div><div class="spacer battle-history"><br></div><h2 class="battle-history">Turn 9</h2><div class="spacer battle-history"><br></div><div class="battle-history"><small>The opposing Pasion has Terastallized into the Fire-type!</small><br></div><div class="spacer battle-history"><br></div><div class="battle-history">The opposing Pasion used <strong>Calm Mind</strong>!<br></div><div class="battle-history"><small>The opposing Pasion's Sp. Atk rose!</small><br></div><div class="battle-history"><small>The opposing Pasion's Sp. Def rose!</small><br></div><div class="spacer battle-history"><br></div><div class="battle-history">Moltres used <strong>U-turn</strong>!<br></div><div class="battle-history"><small>It's not very effective...</small><br></div><div class="battle-history"><small>(The opposing Pasion lost 11% of its health!)</small><br></div><div class="spacer battle-history"><br></div><div class="battle-history">Moltres went back to Astro Rifk!<br></div><div class="battle-history">Go! <strong>Ting-Lu</strong>!<br></div><div class="battle-history">[Ting-Lu's Vessel of Ruin]<br><small>Ting-Lu's Vessel of Ruin weakened the Sp. Atk of all surrounding Pokémon!</small><br></div><div class="spacer battle-history"><br></div><h2 class="battle-history">Turn 10</h2><div class="spacer battle-history"><br></div><div class="battle-history">The opposing Pasion used <strong>Draining Kiss</strong>!<br></div><div class="battle-history"><small>It's super effective!</small><br></div><div class="battle-history"><small>(Ting-Lu lost 68% of its health!)</small><br></div><div class="battle-history"><small>Ting-Lu had its energy drained!</small><br></div><div class="battle-history"><small>The opposing Pasion lost some of its HP!</small><br></div><div class="spacer battle-history"><br></div><div class="battle-history">Ting-Lu used <strong>Earthquake</strong>!<br></div><div class="battle-history"><small>It's super effective!</small><br></div><div class="battle-history"><small>(The opposing Pasion lost 83% of its health!)</small><br></div><div class="spacer battle-history"><br></div><div class="battle-history"><small>Ting-Lu restored a little HP using its Leftovers!</small><br></div><div class="spacer battle-history"><br></div><h2 class="battle-history">Turn 11</h2><div class="spacer battle-history"><br></div><div class="battle-history">Ting-Lu, come back!<br></div><div class="battle-history">Go! <strong>Moltres</strong>!<br></div><div class="spacer battle-history"><br></div><div class="battle-history">The opposing Pasion used <strong>Draining Kiss</strong>!<br></div><div class="battle-history"><small>It's not very effective...</small><br></div><div class="battle-history"><small>(Moltres lost 18% of its health!)</small><br></div><div class="battle-history"><small>Moltres had its energy drained!</small><br></div><div class="battle-history"><small>The opposing Pasion lost some of its HP!</small><br></div><div class="spacer battle-history"><br></div><h2 class="battle-history">Turn 12</h2><div class="spacer battle-history"><br></div><div class="battle-history">The opposing Pasion used <strong>Draining Kiss</strong>!<br></div><div class="battle-history"><small>It's not very effective...</small><br></div><div class="battle-history"><small>(Moltres lost 18% of its health!)</small><br></div><div class="battle-history"><small>Moltres had its energy drained!</small><br></div><div class="battle-history"><small>The opposing Pasion lost some of its HP!</small><br></div><div class="spacer battle-history"><br></div><div class="battle-history">Moltres used <strong>Scorching Sands</strong>!<br></div><div class="battle-history"><small>It's super effective!</small><br></div><div class="battle-history"><small>(The opposing Pasion lost 22% of its health!)</small><br></div><div class="spacer battle-history"><br></div><h2 class="battle-history">Turn 13</h2><div class="spacer battle-history"><br></div><div class="battle-history">The opposing Pasion used <strong>Draining Kiss</strong>!<br></div><div class="battle-history"><small>It's not very effective...</small><br></div><div class="battle-history"><small>(Moltres lost 20% of its health!)</small><br></div><div class="battle-history"><small>Moltres had its energy drained!</small><br></div><div class="battle-history"><small>The opposing Pasion lost some of its HP!</small><br></div><div class="spacer battle-history"><br></div><div class="battle-history">Moltres used <strong>U-turn</strong>!<br></div><div class="battle-history"><small>It's not very effective...</small><br></div><div class="battle-history"><small>(The opposing Pasion lost 11% of its health!)</small><br></div><div class="spacer battle-history"><br></div><div class="battle-history">The opposing Pasion fainted!<br></div><div class="spacer battle-history"><br></div><div class="battle-history">Moltres went back to Astro Rifk!<br></div><div class="battle-history">Go! <strong>Alomomola</strong>!<br></div><div class="spacer battle-history"><br></div><div class="battle-history"><small>Alomomola was hurt by poison!</small><br></div><div class="spacer battle-history"><br></div><div class="battle-history">Pivot BVB sent out Sirena (<strong>Primarina</strong>)!<br></div><div class="spacer battle-history"><br></div><h2 class="battle-history">Turn 14</h2><div class="spacer battle-history"><br></div><div class="battle-history">The opposing Sirena used <strong>Calm Mind</strong>!<br></div><div class="battle-history"><small>The opposing Sirena's Sp. Atk rose!</small><br></div><div class="battle-history"><small>The opposing Sirena's Sp. Def rose!</small><br></div><div class="spacer battle-history"><br></div><div class="battle-history">Alomomola used <strong>Wish</strong>!<br></div><div class="spacer battle-history"><br></div><div class="battle-history"><small>Alomomola was hurt by poison!</small><br></div><div class="spacer battle-history"><br></div><h2 class="battle-history">Turn 15</h2><div class="spacer battle-history"><br></div><div class="battle-history">The opposing Sirena used <strong>Calm Mind</strong>!<br></div><div class="battle-history"><small>The opposing Sirena's Sp. Atk rose!</small><br></div><div class="battle-history"><small>The opposing Sirena's Sp. Def rose!</small><br></div><div class="spacer battle-history"><br></div><div class="battle-history">Alomomola used <strong>Flip Turn</strong>!<br></div><div class="battle-history"><small>It's not very effective...</small><br></div><div class="battle-history"><small>(The opposing Sirena lost 7% of its health!)</small><br></div><div class="battle-history"><small>Alomomola was hurt by the Rocky Helmet!</small><br></div><div class="spacer battle-history"><br></div><div class="battle-history">Alomomola went back to Astro Rifk!<br></div><div class="battle-history">Go! <strong>Ting-Lu</strong>!<br></div><div class="battle-history">[Ting-Lu's Vessel of Ruin]<br><small>Ting-Lu's Vessel of Ruin weakened the Sp. Atk of all surrounding Pokémon!</small><br></div><div class="spacer battle-history"><br></div><div class="battle-history"><small>Alomomola's wish came true!</small><br></div><div class="battle-history"><small>Ting-Lu restored a little HP using its Leftovers!</small><br></div><div class="spacer battle-history"><br></div><h2 class="battle-history">Turn 16</h2><div class="spacer battle-history"><br></div><div class="battle-history">The opposing Sirena used <strong>Scald</strong>!<br></div><div class="battle-history"><small>It's super effective!</small><br></div><div class="battle-history"><small>(Ting-Lu lost 74% of its health!)</small><br></div><div class="battle-history"><small>Ting-Lu was burned!</small><br></div><div class="spacer battle-history"><br></div><div class="battle-history">Ting-Lu used <strong>Whirlwind</strong>!<br></div><div class="spacer battle-history"><br></div><div class="battle-history">Cid (<strong>Corviknight</strong>) was dragged out!<br></div><div class="battle-history">[The opposing Cid's Pressure]<br><small>The opposing Cid is exerting its pressure!</small><br></div><div class="spacer battle-history"><br></div><div class="battle-history"><small>Ting-Lu restored a little HP using its Leftovers!</small><br></div><div class="battle-history"><small>Ting-Lu was hurt by its burn!</small><br></div><div class="spacer battle-history"><br></div><h2 class="battle-history">Turn 17</h2><div class="spacer battle-history"><br></div><div class="battle-history">Ting-Lu, come back!<br></div><div class="battle-history">Go! <strong>Alomomola</strong>!<br></div><div class="spacer battle-history"><br></div><div class="battle-history">The opposing Cid used <strong>U-turn</strong>!<br></div><div class="battle-history"><small>(Alomomola lost 8% of its health!)</small><br></div><div class="spacer battle-history"><br></div><div class="battle-history">The opposing Cid went back to Pivot BVB!<br></div><div class="battle-history">Pivot BVB sent out Sirena (<strong>Primarina</strong>)!<br></div><div class="spacer battle-history"><br></div><div class="battle-history"><small>Alomomola was hurt by poison!</small><br></div><div class="spacer battle-history"><br></div><h2 class="battle-history">Turn 18</h2><div class="spacer battle-history"><br></div><div class="battle-history">The opposing Sirena used <strong>Calm Mind</strong>!<br></div><div class="battle-history"><small>The opposing Sirena's Sp. Atk rose!</small><br></div><div class="battle-history"><small>The opposing Sirena's Sp. Def rose!</small><br></div><div class="spacer battle-history"><br></div><div class="battle-history">Alomomola used <strong>Flip Turn</strong>!<br></div><div class="battle-history"><small>It's not very effective...</small><br></div><div class="battle-history"><small>(The opposing Sirena lost 7% of its health!)</small><br></div><div class="battle-history"><small>Alomomola was hurt by the Rocky Helmet!</small><br></div><div class="spacer battle-history"><br></div><div class="battle-history">Alomomola went back to Astro Rifk!<br></div><div class="battle-history">Go! <strong>Kyurem</strong>!<br></div><div class="battle-history">[Kyurem's Pressure]<br><small>Kyurem is exerting its pressure!</small><br></div><div class="spacer battle-history"><br></div><h2 class="battle-history">Turn 19</h2><div class="spacer battle-history"><br></div><div class="battle-history">Pivot BVB withdrew Sirena!<br></div><div class="battle-history">Pivot BVB sent out Cid (<strong>Corviknight</strong>)!<br></div><div class="battle-history">[The opposing Cid's Pressure]<br><small>The opposing Cid is exerting its pressure!</small><br></div><div class="spacer battle-history"><br></div><div class="battle-history">Kyurem used <strong>Freeze-Dry</strong>!<br></div><div class="battle-history"><small>(The opposing Cid lost 41% of its health!)</small><br></div><div class="spacer battle-history"><br></div><h2 class="battle-history">Turn 20</h2><div class="spacer battle-history"><br></div><div class="battle-history">Kyurem, come back!<br></div><div class="battle-history">Go! <strong>Alomomola</strong>!<br></div><div class="spacer battle-history"><br></div><div class="battle-history">The opposing Cid used <strong>Roost</strong>!<br></div><div class="battle-history"><small>The opposing Cid had its HP restored.</small><br></div><div class="battle-history"><small>(The opposing Cid loses Flying type this turn.)</small><br></div><div class="spacer battle-history"><br></div><div class="battle-history"><small>Alomomola was hurt by poison!</small><br></div><div class="spacer battle-history"><br></div><h2 class="battle-history">Turn 21</h2><div class="spacer battle-history"><br></div><div class="battle-history">The opposing Cid used <strong>U-turn</strong>!<br></div><div class="battle-history"><small>(Alomomola lost 9% of its health!)</small><br></div><div class="spacer battle-history"><br></div><div class="battle-history">The opposing Cid went back to Pivot BVB!<br></div><div class="battle-history">Pivot BVB sent out Illan (<strong>Meowscarada</strong>)!<br></div><div class="spacer battle-history"><br></div><div class="battle-history">Alomomola used <strong>Wish</strong>!<br></div><div class="spacer battle-history"><br></div><div class="battle-history"><small>Alomomola was hurt by poison!</small><br></div><div class="spacer battle-history"><br></div><h2 class="battle-history">Turn 22</h2><div class="spacer battle-history"><br></div><div class="battle-history">Alomomola used <strong>Protect</strong>!<br></div><div class="battle-history"><small>Alomomola protected itself!</small><br></div><div class="spacer battle-history"><br></div><div class="battle-history">The opposing Illan used <strong>Knock Off</strong>!<br></div><div class="spacer battle-history"><br></div><div class="battle-history">[The opposing Illan's Protean]<br><small>The opposing Illan's type changed to Dark!</small><br></div><div class="battle-history"><small>Alomomola protected itself!</small><br></div><div class="spacer battle-history"><br></div><div class="battle-history"><small>Alomomola's wish came true!</small><br></div><div class="battle-history"><small>Alomomola was hurt by poison!</small><br></div><div class="spacer battle-history"><br></div><h2 class="battle-history">Turn 23</h2><div class="spacer battle-history"><br></div><div class="battle-history">Alomomola, come back!<br></div><div class="battle-history">Go! <strong>Scizor</strong>!<br></div><div class="spacer battle-history"><br></div><div class="battle-history">The opposing Illan used <strong>Knock Off</strong>!<br></div><div class="battle-history"><small>(Scizor lost 23% of its health!)</small><br></div><div class="spacer battle-history"><br></div><h2 class="battle-history">Turn 24</h2><div class="spacer battle-history"><br></div><div class="battle-history">Pivot BVB withdrew Illan!<br></div><div class="battle-history">Pivot BVB sent out Cid (<strong>Corviknight</strong>)!<br></div><div class="battle-history">[The opposing Cid's Pressure]<br><small>The opposing Cid is exerting its pressure!</small><br></div><div class="spacer battle-history"><br></div><div class="battle-history"><small>Scizor's Scizorite is reacting to the Key Stone!</small><br>Scizor has Mega Evolved into Mega Scizor!<br></div><div class="spacer battle-history"><br></div><div class="battle-history">Scizor used <strong>Knock Off</strong>!<br></div><div class="battle-history"><small>(The opposing Cid lost 24% of its health!)</small><br></div><div class="battle-history"><small>Scizor knocked off the opposing Cid's Wacan Berry!</small><br></div><div class="spacer battle-history"><br></div><h2 class="battle-history">Turn 25</h2><div class="spacer battle-history"><br></div><div class="battle-history">Scizor, come back!<br></div><div class="battle-history">Go! <strong>Alomomola</strong>!<br></div><div class="spacer battle-history"><br></div><div class="battle-history">The opposing Cid used <strong>Roost</strong>!<br></div><div class="battle-history"><small>The opposing Cid had its HP restored.</small><br></div><div class="battle-history"><small>(The opposing Cid loses Flying type this turn.)</small><br></div><div class="spacer battle-history"><br></div><div class="battle-history"><small>Alomomola was hurt by poison!</small><br></div><div class="spacer battle-history"><br></div><h2 class="battle-history">Turn 26</h2><div class="spacer battle-history"><br></div><div class="battle-history">The opposing Cid used <strong>Iron Head</strong>!<br></div><div class="battle-history"><small>It's not very effective...</small><br></div><div class="battle-history"><small>(Alomomola lost 7% of its health!)</small><br></div><div class="spacer battle-history"><br></div><div class="battle-history">Alomomola flinched and couldn't move!<br></div><div class="spacer battle-history"><br></div><div class="battle-history"><small>Alomomola was hurt by poison!</small><br></div><div class="spacer battle-history"><br></div><h2 class="battle-history">Turn 27</h2><div class="spacer battle-history"><br></div><div class="battle-history">The opposing Cid used <strong>Iron Head</strong>!<br></div><div class="battle-history"><small>It's not very effective...</small><br></div><div class="battle-history"><small>(Alomomola lost 7% of its health!)</small><br></div><div class="spacer battle-history"><br></div><div class="battle-history">Alomomola used <strong>Wish</strong>!<br></div><div class="spacer battle-history"><br></div><div class="battle-history"><small>Alomomola was hurt by poison!</small><br></div><div class="spacer battle-history"><br></div><h2 class="battle-history">Turn 28</h2><div class="spacer battle-history"><br></div><div class="battle-history">Alomomola, come back!<br></div><div class="battle-history">Go! <strong>Moltres</strong>!<br></div><div class="spacer battle-history"><br></div><div class="battle-history">The opposing Cid used <strong>Iron Head</strong>!<br></div><div class="battle-history"><small>It's not very effective...</small><br></div><div class="battle-history"><small>(Moltres lost 13% of its health!)</small><br></div><div class="spacer battle-history"><br></div><div class="battle-history"><small>Alomomola's wish came true!</small><br></div><div class="spacer battle-history"><br></div><h2 class="battle-history">Turn 29</h2><div class="spacer battle-history"><br></div><div class="battle-history">Pivot BVB withdrew Cid!<br></div><div class="battle-history">Pivot BVB sent out Tarasca (<strong>Garchomp</strong>)!<br></div><div class="spacer battle-history"><br></div><div class="battle-history">Moltres used <strong>U-turn</strong>!<br></div><div class="battle-history"><small>(The opposing Tarasca lost 10% of its health!)</small><br></div><div class="battle-history">[The opposing Tarasca's Rough Skin]<br><small>Moltres was hurt!</small><br></div><div class="spacer battle-history"><br></div><div class="battle-history">Moltres went back to Astro Rifk!<br></div><div class="battle-history">Go! <strong>Raikou</strong>!<br></div><div class="battle-history">[Raikou's Pressure]<br><small>Raikou is exerting its pressure!</small><br></div><div class="spacer battle-history"><br></div><div class="battle-history"><small>The opposing Tarasca restored a little HP using its Leftovers!</small><br></div><div class="spacer battle-history"><br></div><h2 class="battle-history">Turn 30</h2><div class="spacer battle-history"><br></div><div class="battle-history"><small>Raikou has Terastallized into the Fairy-type!</small><br></div><div class="spacer battle-history"><br></div><div class="battle-history">Raikou used <strong>Tera Blast</strong>!<br></div><div class="battle-history"><small>It's super effective!</small><br></div><div class="battle-history"><small>(The opposing Tarasca lost 58% of its health!)</small><br></div><div class="spacer battle-history"><br></div><div class="battle-history">The opposing Tarasca fainted!<br></div><div class="spacer battle-history"><br></div><div class="battle-history">Pivot BVB sent out Diablo (<strong>Iron Moth</strong>)!<br></div><div class="spacer battle-history"><br></div><h2 class="battle-history">Turn 31</h2><div class="spacer battle-history"><br></div><div class="battle-history">Raikou, come back!<br></div><div class="battle-history">Go! <strong>Alomomola</strong>!<br></div><div class="spacer battle-history"><br></div><div class="battle-history">The opposing Diablo used <strong>Fiery Dance</strong>!<br></div><div class="battle-history"><small>It's not very effective...</small><br></div><div class="battle-history"><small>(Alomomola lost 24% of its health!)</small><br></div><div class="battle-history"><small>The opposing Diablo's Sp. Atk rose!</small><br></div><div class="spacer battle-history"><br></div><div class="battle-history"><small>Alomomola was hurt by poison!</small><br></div><div class="spacer battle-history"><br></div><h2 class="battle-history">Turn 32</h2><div class="spacer battle-history"><br></div><div class="battle-history">The opposing Diablo used <strong>Discharge</strong>!<br></div><div class="battle-history"><small>It's super effective!</small><br></div><div class="battle-history"><small>(Alomomola lost 52% of its health!)</small><br></div><div class="spacer battle-history"><br></div><div class="battle-history">Alomomola fainted!<br></div><div class="chat chatmessage-astrorifk"><strong style="color:#226fe1"><small class="groupsymbol">☆</small><span class="username">Astro Rifk</span>:</strong> <em>god i fucking hate fiery dance</em></div><div class="spacer battle-history"><br></div><div class="battle-history">Go! <strong>Kyurem</strong>!<br></div><div class="battle-history">[Kyurem's Pressure]<br><small>Kyurem is exerting its pressure!</small><br></div><div class="spacer battle-history"><br></div><h2 class="battle-history">Turn 33</h2><div class="spacer battle-history"><br></div><div class="battle-history">The opposing Diablo used <strong>U-turn</strong>!<br></div><div class="battle-history"><small>(Kyurem lost 9% of its health!)</small><br></div><div class="spacer battle-history"><br></div><div class="battle-history">The opposing Diablo went back to Pivot BVB!<br></div><div class="battle-history">Pivot BVB sent out Cid (<strong>Corviknight</strong>)!<br></div><div class="battle-history">[The opposing Cid's Pressure]<br><small>The opposing Cid is exerting its pressure!</small><br></div><div class="spacer battle-history"><br></div><div class="battle-history">Kyurem used <strong>Earth Power</strong>!<br></div><div class="battle-history"><small>It doesn't affect the opposing Cid...</small><br></div><div class="spacer battle-history"><br></div><h2 class="battle-history">Turn 34</h2><div class="spacer battle-history"><br></div><div class="battle-history">Kyurem, come back!<br></div><div class="battle-history">Go! <strong>Moltres</strong>!<br></div><div class="spacer battle-history"><br></div><div class="battle-history">The opposing Cid used <strong>U-turn</strong>!<br></div><div class="battle-history"><small>It's not very effective...</small><br></div><div class="battle-history"><small>(Moltres lost 3% of its health!)</small><br></div><div class="spacer battle-history"><br></div><div class="battle-history">The opposing Cid went back to Pivot BVB!<br></div><div class="battle-history">Pivot BVB sent out Sirena (<strong>Primarina</strong>)!<br></div><div class="spacer battle-history"><br></div><h2 class="battle-history">Turn 35</h2><div class="spacer battle-history"><br></div><div class="battle-history">Moltres used <strong>U-turn</strong>!<br></div><div class="battle-history"><small>It's not very effective...</small><br></div><div class="battle-history"><small>(The opposing Sirena lost 7% of its health!)</small><br></div><div class="battle-history"><small>Moltres was hurt by the Rocky Helmet!</small><br></div><div class="spacer battle-history"><br></div><div class="battle-history">Moltres went back to Astro Rifk!<br></div><div class="battle-history">Go! <strong>Raikou</strong>!<br></div><div class="battle-history">[Raikou's Pressure]<br><small>Raikou is exerting its pressure!</small><br></div><div class="spacer battle-history"><br></div><div class="battle-history">The opposing Sirena used <strong>Scald</strong>!<br></div><div class="battle-history"><small>(Raikou lost 32% of its health!)</small><br></div><div class="spacer battle-history"><br></div><h2 class="battle-history">Turn 36</h2><div class="spacer battle-history"><br></div><div class="battle-history">Raikou used <strong>Thunderbolt</strong>!<br></div><div class="battle-history"><small>It's super effective!</small><br></div><div class="battle-history"><small>(The opposing Sirena lost 71% of its health!)</small><br></div><div class="spacer battle-history"><br></div><div class="battle-history">The opposing Sirena used <strong>Scald</strong>!<br></div><div class="battle-history"><small>(Raikou lost 57% of its health!)</small><br></div><div class="battle-history"><small>Raikou was burned!</small><br></div><div class="spacer battle-history"><br></div><div class="battle-history"><small>Raikou was hurt by its burn!</small><br></div><div class="spacer battle-history"><br></div><h2 class="battle-history">Turn 37</h2><div class="chat chatmessage-astrorifk"><strong style="color:#226fe1"><small class="groupsymbol">☆</small><span class="username">Astro Rifk</span>:</strong> <em>oh my god</em></div><div class="chat chatmessage-astrorifk"><strong style="color:#226fe1"><small class="groupsymbol">☆</small><span class="username">Astro Rifk</span>:</strong> <em>yea i get mothed now</em></div><div class="chat chatmessage-pivotbvb"><strong style="color:#bb8c0d"><small class="groupsymbol">☆</small><span class="username">Pivot BVB</span>:</strong> <em>indeed you do</em></div><div class="spacer battle-history"><br></div><div class="battle-history">Raikou used <strong>Volt Switch</strong>!<br></div><div class="battle-history"><small>It's super effective!</small><br></div><div class="battle-history"><small>(The opposing Sirena lost 2% of its health!)</small><br></div><div class="spacer battle-history"><br></div><div class="battle-history">The opposing Sirena fainted!<br></div><div class="chat"><small> Jackstrick321 left</small></div><div class="spacer battle-history"><br></div><div class="battle-history">Raikou went back to Astro Rifk!<br></div><div class="battle-history">Go! <strong>Kyurem</strong>!<br></div><div class="battle-history">[Kyurem's Pressure]<br><small>Kyurem is exerting its pressure!</small><br></div><div class="spacer battle-history"><br></div><div class="battle-history">Pivot BVB sent out Cid (<strong>Corviknight</strong>)!<br></div><div class="battle-history">[The opposing Cid's Pressure]<br><small>The opposing Cid is exerting its pressure!</small><br></div><div class="spacer battle-history"><br></div><h2 class="battle-history">Turn 38</h2><div class="spacer battle-history"><br></div><div class="battle-history">Kyurem, come back!<br></div><div class="battle-history">Go! <strong>Moltres</strong>!<br></div><div class="spacer battle-history"><br></div><div class="battle-history">The opposing Cid used <strong>U-turn</strong>!<br></div><div class="battle-history"><small>It's not very effective...</small><br></div><div class="battle-history"><small>(Moltres lost 3% of its health!)</small><br></div><div class="battle-history">[Moltres's Flame Body]<br><small>The opposing Cid was burned!</small><br></div><div class="spacer battle-history"><br></div><div class="battle-history">The opposing Cid went back to Pivot BVB!<br></div><div class="battle-history">Pivot BVB sent out Illan (<strong>Meowscarada</strong>)!<br></div><div class="spacer battle-history"><br></div><h2 class="battle-history">Turn 39</h2><div class="spacer battle-history"><br></div><div class="battle-history">Moltres, come back!<br></div><div class="battle-history">Go! <strong>Ting-Lu</strong>!<br></div><div class="battle-history">[Ting-Lu's Vessel of Ruin]<br><small>Ting-Lu's Vessel of Ruin weakened the Sp. Atk of all surrounding Pokémon!</small><br></div><div class="spacer battle-history"><br></div><div class="battle-history">The opposing Illan used <strong>Power Gem</strong>!<br></div><div class="spacer battle-history"><br></div><div class="battle-history">[The opposing Illan's Protean]<br><small>The opposing Illan's type changed to Rock!</small><br></div><div class="battle-history"><small>It's not very effective...</small><br></div><div class="battle-history"><small>(Ting-Lu lost 6% of its health!)</small><br></div><div class="spacer battle-history"><br></div><div class="battle-history"><small>Ting-Lu restored a little HP using its Leftovers!</small><br></div><div class="battle-history"><small>Ting-Lu was hurt by its burn!</small><br></div><div class="spacer battle-history"><br></div><h2 class="battle-history">Turn 40</h2><div class="spacer battle-history"><br></div><div class="battle-history">The opposing Illan used <strong>Play Rough</strong>!<br></div><div class="battle-history"><small>It's super effective!</small><br></div><div class="battle-history"><small>(Ting-Lu lost 10% of its health!)</small><br></div><div class="spacer battle-history"><br></div><div class="battle-history">Ting-Lu fainted!<br></div><div class="spacer battle-history"><br></div><div class="battle-history">Go! Scizor (<strong>Scizor-Mega</strong>)!<br></div><div class="spacer battle-history"><br></div><h2 class="battle-history">Turn 41</h2><div class="spacer battle-history"><br></div><div class="battle-history">Pivot BVB withdrew Illan!<br></div><div class="battle-history">Pivot BVB sent out Cid (<strong>Corviknight</strong>)!<br></div><div class="battle-history">[The opposing Cid's Pressure]<br><small>The opposing Cid is exerting its pressure!</small><br></div><div class="spacer battle-history"><br></div><div class="battle-history">Scizor used <strong>Knock Off</strong>!<br></div><div class="battle-history"><small>A critical hit!</small><br></div><div class="battle-history"><small>(The opposing Cid lost 26% of its health!)</small><br></div><div class="spacer battle-history"><br></div><div class="battle-history"><small>The opposing Cid was hurt by its burn!</small><br></div><div class="spacer battle-history"><br></div><h2 class="battle-history">Turn 42</h2><div class="spacer battle-history"><br></div><div class="battle-history">Scizor, come back!<br></div><div class="battle-history">Go! <strong>Moltres</strong>!<br></div><div class="spacer battle-history"><br></div><div class="battle-history">The opposing Cid used <strong>U-turn</strong>!<br></div><div class="battle-history"><small>It's not very effective...</small><br></div><div class="battle-history"><small>(Moltres lost 2% of its health!)</small><br></div><div class="spacer battle-history"><br></div><div class="battle-history">The opposing Cid went back to Pivot BVB!<br></div><div class="battle-history">Pivot BVB sent out Diablo (<strong>Iron Moth</strong>)!<br></div><div class="spacer battle-history"><br></div><h2 class="battle-history">Turn 43</h2><div class="spacer battle-history"><br></div><div class="battle-history">The opposing Diablo used <strong>U-turn</strong>!<br></div><div class="battle-history"><small>It's not very effective...</small><br></div><div class="battle-history"><small>(Moltres lost 3% of its health!)</small><br></div><div class="spacer battle-history"><br></div><div class="battle-history">The opposing Diablo went back to Pivot BVB!<br></div><div class="battle-history">Pivot BVB sent out Illan (<strong>Meowscarada</strong>)!<br></div><div class="spacer battle-history"><br></div><div class="battle-history">Moltres used <strong>Scorching Sands</strong>!<br></div><div class="battle-history"><small>It's not very effective...</small><br></div><div class="battle-history"><small>(The opposing Illan lost 15% of its health!)</small><br></div><div class="spacer battle-history"><br></div><h2 class="battle-history">Turn 44</h2><div class="spacer battle-history"><br></div><div class="battle-history">Moltres, come back!<br></div><div class="battle-history">Go! Scizor (<strong>Scizor-Mega</strong>)!<br></div><div class="spacer battle-history"><br></div><div class="battle-history">The opposing Illan used <strong>Power Gem</strong>!<br></div><div class="spacer battle-history"><br></div><div class="battle-history">[The opposing Illan's Protean]<br><small>The opposing Illan's type changed to Rock!</small><br></div><div class="battle-history"><small>(Scizor lost 20% of its health!)</small><br></div><div class="spacer battle-history"><br></div><h2 class="battle-history">Turn 45</h2><div class="spacer battle-history"><br></div><div class="battle-history">Pivot BVB withdrew Illan!<br></div><div class="battle-history">Pivot BVB sent out Cid (<strong>Corviknight</strong>)!<br></div><div class="battle-history">[The opposing Cid's Pressure]<br><small>The opposing Cid is exerting its pressure!</small><br></div><div class="spacer battle-history"><br></div><div class="battle-history">Scizor used <strong>Knock Off</strong>!<br></div><div class="battle-history"><small>(The opposing Cid lost 18% of its health!)</small><br></div><div class="spacer battle-history"><br></div><div class="battle-history"><small>The opposing Cid was hurt by its burn!</small><br></div><div class="spacer battle-history"><br></div><h2 class="battle-history">Turn 46</h2><div class="spacer battle-history"><br></div><div class="battle-history">Scizor, come back!<br></div><div class="battle-history">Go! <strong>Moltres</strong>!<br></div><div class="spacer battle-history"><br></div><div class="battle-history">The opposing Cid used <strong>Roost</strong>!<br></div><div class="battle-history"><small>The opposing Cid had its HP restored.</small><br></div><div class="battle-history"><small>(The opposing Cid loses Flying type this turn.)</small><br></div><div class="spacer battle-history"><br></div><div class="battle-history"><small>The opposing Cid was hurt by its burn!</small><br></div><div class="spacer battle-history"><br></div><h2 class="battle-history">Turn 47</h2><div class="spacer battle-history"><br></div><div class="battle-history">The opposing Cid used <strong>U-turn</strong>!<br></div><div class="battle-history"><small>It's not very effective...</small><br></div><div class="battle-history"><small>(Moltres lost 2% of its health!)</small><br></div><div class="chat chatmessage-pivotbvb"><strong style="color:#bb8c0d"><small class="groupsymbol">☆</small><span class="username">Pivot BVB</span>:</strong> <em>fuck</em></div><div class="spacer battle-history"><br></div><div class="battle-history">The opposing Cid went back to Pivot BVB!<br></div><div class="battle-history">Pivot BVB sent out Diablo (<strong>Iron Moth</strong>)!<br></div><div class="spacer battle-history"><br></div><div class="battle-history">Moltres used <strong>Roost</strong>!<br></div><div class="battle-history"><small>Moltres had its HP restored.</small><br></div><div class="battle-history"><small>(Moltres loses Flying type this turn.)</small><br></div><div class="spacer battle-history"><br></div><h2 class="battle-history">Turn 48</h2><div class="spacer battle-history"><br></div><div class="battle-history">The opposing Diablo used <strong>U-turn</strong>!<br></div><div class="battle-history"><small>It's not very effective...</small><br></div><div class="battle-history"><small>(Moltres lost 2% of its health!)</small><br></div><div class="spacer battle-history"><br></div><div class="battle-history">The opposing Diablo went back to Pivot BVB!<br></div><div class="battle-history">Pivot BVB sent out Cid (<strong>Corviknight</strong>)!<br></div><div class="battle-history">[The opposing Cid's Pressure]<br><small>The opposing Cid is exerting its pressure!</small><br></div><div class="spacer battle-history"><br></div><div class="battle-history">Moltres used <strong>Scorching Sands</strong>!<br></div><div class="battle-history"><small>It doesn't affect the opposing Cid...</small><br></div><div class="spacer battle-history"><br></div><div class="battle-history"><small>The opposing Cid was hurt by its burn!</small><br></div><div class="spacer battle-history"><br></div><h2 class="battle-history">Turn 49</h2><div class="spacer battle-history"><br></div><div class="battle-history">The opposing Cid used <strong>Roost</strong>!<br></div><div class="battle-history"><small>The opposing Cid had its HP restored.</small><br></div><div class="battle-history"><small>(The opposing Cid loses Flying type this turn.)</small><br></div><div class="spacer battle-history"><br></div><div class="battle-history">Moltres used <strong>Flamethrower</strong>!<br></div><div class="battle-history"><small>It's super effective!</small><br></div><div class="battle-history"><small>(The opposing Cid lost 54% of its health!)</small><br></div><div class="spacer battle-history"><br></div><div class="battle-history"><small>The opposing Cid was hurt by its burn!</small><br></div><div class="spacer battle-history"><br></div><h2 class="battle-history">Turn 50</h2><div class="spacer battle-history"><br></div><div class="battle-history">The opposing Cid used <strong>Iron Head</strong>!<br></div><div class="battle-history"><small>It's not very effective...</small><br></div><div class="battle-history"><small>(Moltres lost 6% of its health!)</small><br></div><div class="spacer battle-history"><br></div><div class="battle-history">Moltres flinched and couldn't move!<br></div><div class="spacer battle-history"><br></div><div class="battle-history"><small>The opposing Cid was hurt by its burn!</small><br></div><div class="spacer battle-history"><br></div><h2 class="battle-history">Turn 51</h2><div class="spacer battle-history"><br></div><div class="battle-history">The opposing Cid used <strong>Roost</strong>!<br></div><div class="battle-history"><small>The opposing Cid had its HP restored.</small><br></div><div class="battle-history"><small>(The opposing Cid loses Flying type this turn.)</small><br></div><div class="spacer battle-history"><br></div><div class="battle-history">Moltres used <strong>Scorching Sands</strong>!<br></div><div class="battle-history"><small>It's super effective!</small><br></div><div class="battle-history"><small>(The opposing Cid lost 25% of its health!)</small><br></div><div class="spacer battle-history"><br></div><div class="battle-history"><small>The opposing Cid was hurt by its burn!</small><br></div><div class="spacer battle-history"><br></div><h2 class="battle-history">Turn 52</h2><div class="spacer battle-history"><br></div><div class="battle-history">The opposing Cid used <strong>Iron Head</strong>!<br></div><div class="battle-history"><small>It's not very effective...</small><br></div><div class="battle-history"><small>(Moltres lost 5% of its health!)</small><br></div><div class="spacer battle-history"><br></div><div class="battle-history">Moltres flinched and couldn't move!<br></div><div class="spacer battle-history"><br></div><div class="battle-history"><small>The opposing Cid was hurt by its burn!</small><br></div><div class="spacer battle-history"><br></div><h2 class="battle-history">Turn 53</h2><div class="spacer battle-history"><br></div><div class="battle-history">The opposing Cid used <strong>Roost</strong>!<br></div><div class="battle-history"><small>The opposing Cid had its HP restored.</small><br></div><div class="battle-history"><small>(The opposing Cid loses Flying type this turn.)</small><br></div><div class="spacer battle-history"><br></div><div class="battle-history">Moltres used <strong>Roost</strong>!<br></div><div class="battle-history"><small>Moltres had its HP restored.</small><br></div><div class="battle-history"><small>(Moltres loses Flying type this turn.)</small><br></div><div class="spacer battle-history"><br></div><div class="battle-history"><small>The opposing Cid was hurt by its burn!</small><br></div><div class="spacer battle-history"><br></div><h2 class="battle-history">Turn 54</h2><div class="spacer battle-history"><br></div><div class="battle-history">The opposing Cid used <strong>Iron Head</strong>!<br></div><div class="battle-history"><small>It's not very effective...</small><br></div><div class="battle-history"><small>(Moltres lost 6% of its health!)</small><br></div><div class="spacer battle-history"><br></div><div class="battle-history">Moltres used <strong>Flamethrower</strong>!<br></div><div class="battle-history"><small>It's super effective!</small><br></div><div class="battle-history"><small>(The opposing Cid lost 56% of its health!)</small><br></div><div class="spacer battle-history"><br></div><div class="battle-history"><small>The opposing Cid was hurt by its burn!</small><br></div><div class="spacer battle-history"><br></div><h2 class="battle-history">Turn 55</h2><div class="spacer battle-history"><br></div><div class="battle-history">The opposing Cid used <strong>Roost</strong>!<br></div><div class="battle-history"><small>The opposing Cid had its HP restored.</small><br></div><div class="battle-history"><small>(The opposing Cid loses Flying type this turn.)</small><br></div><div class="spacer battle-history"><br></div><div class="battle-history">Moltres used <strong>Flamethrower</strong>!<br></div><div class="battle-history"><small>It's super effective!</small><br></div><div class="battle-history"><small>(The opposing Cid lost 52% of its health!)</small><br></div><div class="spacer battle-history"><br></div><div class="battle-history"><small>The opposing Cid was hurt by its burn!</small><br></div><div class="spacer battle-history"><br></div><h2 class="battle-history">Turn 56</h2><div class="spacer battle-history"><br></div><div class="battle-history">The opposing Cid used <strong>Iron Head</strong>!<br></div><div class="battle-history"><small>It's not very effective...</small><br></div><div class="battle-history"><small>A critical hit!</small><br></div><div class="battle-history"><small>(Moltres lost 9% of its health!)</small><br></div><div class="spacer battle-history"><br></div><div class="battle-history">Moltres used <strong>Scorching Sands</strong>!<br></div><div class="battle-history"><small>It doesn't affect the opposing Cid...</small><br></div><div class="spacer battle-history"><br></div><div class="battle-history"><small>The opposing Cid was hurt by its burn!</small><br></div><div class="spacer battle-history"><br></div><h2 class="battle-history">Turn 57</h2><div class="spacer battle-history"><br></div><div class="battle-history">The opposing Cid used <strong>Iron Head</strong>!<br></div><div class="battle-history"><small>It's not very effective...</small><br></div><div class="battle-history"><small>(Moltres lost 6% of its health!)</small><br></div><div class="spacer battle-history"><br></div><div class="battle-history">Moltres used <strong>Roost</strong>!<br></div><div class="battle-history"><small>Moltres had its HP restored.</small><br></div><div class="battle-history"><small>(Moltres loses Flying type this turn.)</small><br></div><div class="spacer battle-history"><br></div><div class="battle-history"><small>The opposing Cid was hurt by its burn!</small><br></div><div class="spacer battle-history"><br></div><h2 class="battle-history">Turn 58</h2><div class="spacer battle-history"><br></div><div class="battle-history">The opposing Cid used <strong>Iron Head</strong>!<br></div><div class="battle-history"><small>It's not very effective...</small><br></div><div class="battle-history"><small>(Moltres lost 5% of its health!)</small><br></div><div class="spacer battle-history"><br></div><div class="battle-history">Moltres used <strong>Flamethrower</strong>!<br></div><div class="battle-history"><small>It's super effective!</small><br></div><div class="battle-history"><small>(The opposing Cid lost 8% of its health!)</small><br></div><div class="spacer battle-history"><br></div><div class="battle-history">The opposing Cid fainted!<br></div><div class="spacer battle-history"><br></div><div class="battle-history">Pivot BVB sent out Illan (<strong>Meowscarada</strong>)!<br></div><div class="spacer battle-history"><br></div><h2 class="battle-history">Turn 59</h2><div class="spacer battle-history"><br></div><div class="battle-history">Moltres, come back!<br></div><div class="battle-history">Go! <strong>Raikou</strong>!<br></div><div class="battle-history">[Raikou's Pressure]<br><small>Raikou is exerting its pressure!</small><br></div><div class="spacer battle-history"><br></div><div class="battle-history">The opposing Illan used <strong>Power Gem</strong>!<br></div><div class="spacer battle-history"><br></div><div class="battle-history">[The opposing Illan's Protean]<br><small>The opposing Illan's type changed to Rock!</small><br></div><div class="battle-history"><small>(Raikou lost 5% of its health!)</small><br></div><div class="spacer battle-history"><br></div><div class="battle-history">Raikou fainted!<br></div><div class="spacer battle-history"><br></div><div class="battle-history">Go! Scizor (<strong>Scizor-Mega</strong>)!<br></div><div class="spacer battle-history"><br></div><h2 class="battle-history">Turn 60</h2><div class="spacer battle-history"><br></div><div class="battle-history">The opposing Illan used <strong>U-turn</strong>!<br></div><div class="battle-history"><small>It's not very effective...</small><br></div><div class="battle-history"><small>(Scizor lost 6% of its health!)</small><br></div><div class="spacer battle-history"><br></div><div class="battle-history">The opposing Illan went back to Pivot BVB!<br></div><div class="battle-history">Pivot BVB sent out Diablo (<strong>Iron Moth</strong>)!<br></div><div class="spacer battle-history"><br></div><div class="battle-history">Scizor used <strong>Knock Off</strong>!<br></div><div class="battle-history"><small>(The opposing Diablo lost 55% of its health!)</small><br></div><div class="battle-history"><small>Scizor knocked off the opposing Diablo's Heavy-Duty Boots!</small><br></div><div class="spacer battle-history"><br></div><h2 class="battle-history">Turn 61</h2><div class="spacer battle-history"><br></div><div class="battle-history">Scizor, come back!<br></div><div class="battle-history">Go! <strong>Moltres</strong>!<br></div><div class="spacer battle-history"><br></div><div class="battle-history">The opposing Diablo used <strong>Fiery Dance</strong>!<br></div><div class="battle-history"><small>It's not very effective...</small><br></div><div class="battle-history"><small>(Moltres lost 17% of its health!)</small><br></div><div class="spacer battle-history"><br></div><h2 class="battle-history">Turn 62</h2><div class="spacer battle-history"><br></div><div class="battle-history">The opposing Diablo used <strong>U-turn</strong>!<br></div><div class="battle-history"><small>It's not very effective...</small><br></div><div class="battle-history"><small>(Moltres lost 2% of its health!)</small><br></div><div class="spacer battle-history"><br></div><div class="battle-history">The opposing Diablo went back to Pivot BVB!<br></div><div class="battle-history">Pivot BVB sent out Illan (<strong>Meowscarada</strong>)!<br></div><div class="spacer battle-history"><br></div><div class="battle-history">Moltres used <strong>Scorching Sands</strong>!<br></div><div class="battle-history"><small>It's not very effective...</small><br></div><div class="battle-history"><small>(The opposing Illan lost 14% of its health!)</small><br></div><div class="battle-history"><small>The opposing Illan was burned!</small><br></div><div class="spacer battle-history"><br></div><div class="battle-history"><small>The opposing Illan was hurt by its burn!</small><br></div><div class="spacer battle-history"><br></div><h2 class="battle-history">Turn 63</h2><div class="spacer battle-history"><br></div><div class="battle-history">Moltres, come back!<br></div><div class="battle-history">Go! Scizor (<strong>Scizor-Mega</strong>)!<br></div><div class="spacer battle-history"><br></div><div class="battle-history">The opposing Illan used <strong>Power Gem</strong>!<br></div><div class="spacer battle-history"><br></div><div class="battle-history">[The opposing Illan's Protean]<br><small>The opposing Illan's type changed to Rock!</small><br></div><div class="battle-history"><small>(Scizor lost 19% of its health!)</small><br></div><div class="spacer battle-history"><br></div><div class="battle-history"><small>The opposing Illan was hurt by its burn!</small><br></div><div class="spacer battle-history"><br></div><h2 class="battle-history">Turn 64</h2><div class="spacer battle-history"><br></div><div class="battle-history">The opposing Illan used <strong>Power Gem</strong>!<br></div><div class="battle-history"><small>(Scizor lost 21% of its health!)</small><br></div><div class="spacer battle-history"><br></div><div class="battle-history">Scizor used <strong>Knock Off</strong>!<br></div><div class="battle-history"><small>(The opposing Illan lost 49% of its health!)</small><br></div><div class="battle-history"><small>Scizor knocked off the opposing Illan's Protective Pads!</small><br></div><div class="spacer battle-history"><br></div><div class="battle-history"><small>The opposing Illan was hurt by its burn!</small><br></div><div class="spacer battle-history"><br></div><h2 class="battle-history">Turn 65</h2><div class="spacer battle-history"><br></div><div class="battle-history">Scizor used <strong>Bullet Punch</strong>!<br></div><div class="battle-history"><small>It's super effective!</small><br></div><div class="battle-history"><small>(The opposing Illan lost 3% of its health!)</small><br></div><div class="spacer battle-history"><br></div><div class="battle-history">The opposing Illan fainted!<br></div><div class="spacer battle-history"><br></div><div class="battle-history">Pivot BVB sent out Diablo (<strong>Iron Moth</strong>)!<br></div><div class="spacer battle-history"><br></div><h2 class="battle-history">Turn 66</h2><div class="spacer battle-history"><br></div><div class="battle-history">Scizor used <strong>Bullet Punch</strong>!<br></div><div class="battle-history"><small>It's not very effective...</small><br></div><div class="battle-history"><small>(The opposing Diablo lost 25% of its health!)</small><br></div><div class="spacer battle-history"><br></div><div class="battle-history">The opposing Diablo used <strong>Fiery Dance</strong>!<br></div><div class="battle-history"><small>It's super effective!</small><br></div><div class="battle-history"><small>(Scizor lost 11% of its health!)</small><br></div><div class="battle-history"><small>The opposing Diablo's Sp. Atk rose!</small><br></div><div class="spacer battle-history"><br></div><div class="battle-history">Scizor fainted!<br></div><div class="chat chatmessage-pivotbvb"><strong style="color:#bb8c0d"><small class="groupsymbol">☆</small><span class="username">Pivot BVB</span>:</strong> <em>cmon</em></div><div class="spacer battle-history"><br></div><div class="battle-history">Go! <strong>Moltres</strong>!<br></div><div class="spacer battle-history"><br></div><h2 class="battle-history">Turn 67</h2><div class="spacer battle-history"><br></div><div class="battle-history">The opposing Diablo used <strong>Discharge</strong>!<br></div><div class="battle-history"><small>It's super effective!</small><br></div><div class="battle-history"><small>(Moltres lost 64% of its health!)</small><br></div><div class="spacer battle-history"><br></div><div class="battle-history">Moltres used <strong>Scorching Sands</strong>!<br></div><div class="battle-history"><small>It's super effective!</small><br></div><div class="battle-history"><small>(The opposing Diablo lost 20% of its health!)</small><br></div><div class="spacer battle-history"><br></div><div class="battle-history">The opposing Diablo fainted!<br></div><div class="spacer battle-history"><br></div><div class="battle-history"><strong>Astro Rifk</strong> won the battle!<br></div><div class="chat chatmessage-pivotbvb"><strong style="color:#bb8c0d"><small class="groupsymbol">☆</small><span class="username">Pivot BVB</span>:</strong> <em>dammmmit</em></div><div class="chat chatmessage-astrorifk"><strong style="color:#226fe1"><small class="groupsymbol">☆</small><span class="username">Astro Rifk</span>:</strong> <em>u got enough t1 scalds its alright</em></div></div><div class="inner-preempt message-log"></div></div></div>
</div>
<script>
let daily = Math.floor(Date.now()/1000/60/60/24);document.write('<script src="https://play.pokemonshowdown.com/js/replay-embed.js?version'+daily+'"></'+'script>');
</script>
