<!DOCTYPE html>
<meta charset="utf-8" />
<!-- version 1 -->
<title>[Gen 9] NatDex Draft replay: BloomingDino vs. GuRRuO</title>
<style>
html,body {font-family:Verdana, sans-serif;font-size:10pt;margin:0;padding:0;}body{padding:12px 0;} .battle-log {font-family:Verdana, sans-serif;font-size:10pt;} .battle-log-inline {border:1px solid #AAAAAA;background:#EEF2F5;color:black;max-width:640px;margin:0 auto 80px;padding-bottom:5px;} .battle-log .inner {padding:4px 8px 0px 8px;} .battle-log .inner-preempt {padding:0 8px 4px 8px;} .battle-log .inner-after {margin-top:0.5em;} .battle-log h2 {margin:0.5em -8px;padding:4px 8px;border:1px solid #AAAAAA;background:#E0E7EA;border-left:0;border-right:0;font-family:Verdana, sans-serif;font-size:13pt;} .battle-log .chat {vertical-align:middle;padding:3px 0 3px 0;font-size:8pt;} .battle-log .chat strong {color:#40576A;} .battle-log .chat em {padding:1px 4px 1px 3px;color:#000000;font-style:normal;} .chat.mine {background:rgba(0,0,0,0.05);margin-left:-8px;margin-right:-8px;padding-left:8px;padding-right:8px;} .spoiler {color:#BBBBBB;background:#BBBBBB;padding:0px 3px;} .spoiler:hover, .spoiler:active, .spoiler-shown {color:#000000;background:#E2E2E2;padding:0px 3px;} .spoiler a {color:#BBBBBB;} .spoiler:hover a, .spoiler:active a, .spoiler-shown a {color:#2288CC;} .chat code, .chat .spoiler:hover code, .chat .spoiler:active code, .chat .spoiler-shown code {border:1px solid #C0C0C0;background:#EEEEEE;color:black;padding:0 2px;} .chat .spoiler code {border:1px solid #CCCCCC;background:#CCCCCC;color:#CCCCCC;} .battle-log .rated {padding:3px 4px;} .battle-log .rated strong {color:white;background:#89A;padding:1px 4px;border-radius:4px;} .spacer {margin-top:0.5em;} .message-announce {background:#6688AA;color:white;padding:1px 4px 2px;} .message-announce a, .broadcast-green a, .broadcast-blue a, .broadcast-red a {color:#DDEEFF;} .broadcast-green {background-color:#559955;color:white;padding:2px 4px;} .broadcast-blue {background-color:#6688AA;color:white;padding:2px 4px;} .infobox {border:1px solid #6688AA;padding:2px 4px;} .infobox-limited {max-height:200px;overflow:auto;overflow-x:hidden;} .broadcast-red {background-color:#AA5544;color:white;padding:2px 4px;} .message-learn-canlearn {font-weight:bold;color:#228822;text-decoration:underline;} .message-learn-cannotlearn {font-weight:bold;color:#CC2222;text-decoration:underline;} .message-effect-weak {font-weight:bold;color:#CC2222;} .message-effect-resist {font-weight:bold;color:#6688AA;} .message-effect-immune {font-weight:bold;color:#666666;} .message-learn-list {margin-top:0;margin-bottom:0;} .message-throttle-notice, .message-error {color:#992222;} .message-overflow, .chat small.message-overflow {font-size:0pt;} .message-overflow::before {font-size:9pt;content:'...';} .subtle {color:#3A4A66;}
</style>
<div class="wrapper replay-wrapper" style="max-width:1180px;margin:0 auto">
<input type="hidden" name="replayid" value="gen9natdexdraft-2365518573" />
<div class="battle"></div><div class="battle-log"></div><div class="replay-controls"></div><div class="replay-controls-2"></div>
<h1 style="font-weight:normal;text-align:center"><strong>[Gen 9] NatDex Draft</strong><br /><a href="http://pokemonshowdown.com/users/bloomingdino" class="subtle" target="_blank">BloomingDino</a> vs. <a href="http://pokemonshowdown.com/users/gurruo" class="subtle" target="_blank">GuRRuO</a></h1>
<script type="text/plain" class="battle-log-data">
|j|☆BloomingDino
|j|☆GuRRuO
|t:|1747425687
|gametype|singles
|player|p1|BloomingDino|170|
|player|p2|GuRRuO|clown|
|teamsize|p1|6
|teamsize|p2|6
|gen|9
|tier|[Gen 9] NatDex Draft
|rule|Sleep Clause Mod: Limit one foe put to sleep
|rule|OHKO Clause: OHKO moves are banned
|rule|Evasion Clause: Evasion abilities, items, and moves are banned
|rule|Evasion Abilities Clause: Evasion abilities are banned
|rule|Evasion Items Clause: Evasion items are banned
|rule|Evasion Moves Clause: Evasion moves are banned
|rule|Endless Battle Clause: Forcing endless battles is banned
|rule|HP Percentage Mod: HP is shown in percentages
|clearpoke
|poke|p1|Terapagos, M|
|poke|p1|Tornadus, M|
|poke|p1|Chi-Yu|
|poke|p1|Toxapex, F|
|poke|p1|Tapu Lele|
|poke|p1|Rhydon, F|
|poke|p2|Sneasler, F|
|poke|p2|Stakataka|
|poke|p2|Slowking-Galar, F|
|poke|p2|Klefki, M|
|poke|p2|Porygon2|
|poke|p2|Crawdaunt, M|
|teampreview
|c|☆BloomingDino|got link
|c|☆BloomingDino|glhf
|c|☆GuRRuO|glhf
|j| Superpanchi
|
|t:|1747425760
|start
|switch|p1a: Tapu Lele|Tapu Lele, shiny|100\/100
|switch|p2a: Gosa Rutojo|Porygon2|100\/100
|-fieldstart|move: Psychic Terrain|[from] ability: Psychic Surge|[of] p1a: Tapu Lele
|-ability|p2a: Gosa Rutojo|Download|boost
|-boost|p2a: Gosa Rutojo|atk|1
|turn|1
|
|t:|1747425790
|move|p1a: Tapu Lele|Moonblast|p2a: Gosa Rutojo
|-damage|p2a: Gosa Rutojo|79\/100
|move|p2a: Gosa Rutojo|Trick Room|p2a: Gosa Rutojo
|-fieldstart|move: Trick Room|[of] p2a: Gosa Rutojo
|
|upkeep
|turn|2
|j| CybOrganist
|
|t:|1747425802
|move|p2a: Gosa Rutojo|Ice Beam|p1a: Tapu Lele
|-crit|p1a: Tapu Lele
|-damage|p1a: Tapu Lele|68\/100
|move|p1a: Tapu Lele|Taunt|p2a: Gosa Rutojo
|-start|p2a: Gosa Rutojo|move: Taunt
|
|upkeep
|turn|3
|l| Superpanchi
|
|t:|1747425859
|switch|p1a: Rhydon|Rhydon, F, shiny|100\/100
|move|p2a: Gosa Rutojo|Ice Beam|p1a: Rhydon
|-supereffective|p1a: Rhydon
|-damage|p1a: Rhydon|52\/100
|
|upkeep
|turn|4
|
|t:|1747425873
|move|p2a: Gosa Rutojo|Ice Beam|p1a: Rhydon
|-supereffective|p1a: Rhydon
|-damage|p1a: Rhydon|3\/100
|move|p1a: Rhydon|Stone Edge|p2a: Gosa Rutojo
|-damage|p2a: Gosa Rutojo|42\/100
|
|upkeep
|turn|5
|
|t:|1747425895
|move|p2a: Gosa Rutojo|Ice Beam|p1a: Rhydon
|-supereffective|p1a: Rhydon
|-crit|p1a: Rhydon
|-damage|p1a: Rhydon|0 fnt
|faint|p1a: Rhydon
|
|-end|p2a: Gosa Rutojo|move: Taunt
|-fieldend|move: Trick Room
|upkeep
|
|t:|1747425918
|switch|p1a: Chi-Yu|Chi-Yu|100\/100
|-ability|p1a: Chi-Yu|Beads of Ruin
|turn|6
|
|t:|1747425996
|move|p1a: Chi-Yu|Fire Blast|p2a: Gosa Rutojo
|-damage|p2a: Gosa Rutojo|1\/100
|move|p2a: Gosa Rutojo|Trick Room|p2a: Gosa Rutojo
|-fieldstart|move: Trick Room|[of] p2a: Gosa Rutojo
|
|upkeep
|turn|7
|
|t:|1747426005
|move|p2a: Gosa Rutojo|Recover|p2a: Gosa Rutojo
|-heal|p2a: Gosa Rutojo|51\/100
|move|p1a: Chi-Yu|Fire Blast|p2a: Gosa Rutojo
|-damage|p2a: Gosa Rutojo|8\/100
|
|upkeep
|turn|8
|
|t:|1747426018
|move|p2a: Gosa Rutojo|Recover|p2a: Gosa Rutojo
|-heal|p2a: Gosa Rutojo|58\/100
|move|p1a: Chi-Yu|Fire Blast|p2a: Gosa Rutojo
|-damage|p2a: Gosa Rutojo|17\/100
|
|-fieldend|move: Psychic Terrain
|upkeep
|turn|9
|
|t:|1747426057
|switch|p2a: Saja Goruta|Crawdaunt, M|100\/100
|move|p1a: Chi-Yu|Fire Blast|p2a: Saja Goruta
|-resisted|p2a: Saja Goruta
|-damage|p2a: Saja Goruta|34\/100
|-status|p2a: Saja Goruta|brn
|
|-damage|p2a: Saja Goruta|28\/100 brn|[from] brn
|upkeep
|turn|10
|
|t:|1747426078
|switch|p1a: Tornadus|Tornadus, M, shiny|100\/100
|move|p2a: Saja Goruta|Crabhammer|p1a: Tornadus
|-damage|p1a: Tornadus|32\/100
|-damage|p2a: Saja Goruta|18\/100 brn|[from] item: Life Orb
|
|-damage|p2a: Saja Goruta|12\/100 brn|[from] brn
|-fieldend|move: Trick Room
|upkeep
|turn|11
|
|t:|1747426093
|-terastallize|p1a: Tornadus|Ghost
|move|p2a: Saja Goruta|Aqua Jet|p1a: Tornadus
|-damage|p1a: Tornadus|2\/100
|-damage|p2a: Saja Goruta|2\/100 brn|[from] item: Life Orb
|move|p1a: Tornadus|Tera Blast|p2a: Saja Goruta|[anim] Tera Blast Ghost
|-resisted|p2a: Saja Goruta
|-damage|p2a: Saja Goruta|0 fnt
|faint|p2a: Saja Goruta
|
|upkeep
|c|☆BloomingDino|huh
|c|☆BloomingDino|why did my torn have scarf for a second
|c|☆GuRRuO|priority
|
|t:|1747426155
|switch|p2a: Sojo Gatoru|Slowking-Galar, F|100\/100
|turn|12
|
|t:|1747426166
|move|p1a: Tornadus|Tera Blast|p2a: Sojo Gatoru|[anim] Tera Blast Ghost
|-supereffective|p2a: Sojo Gatoru
|-damage|p2a: Sojo Gatoru|41\/100
|-enditem|p2a: Sojo Gatoru|Weakness Policy
|-boost|p2a: Sojo Gatoru|atk|2|[from] item: Weakness Policy
|-boost|p2a: Sojo Gatoru|spa|2|[from] item: Weakness Policy
|move|p2a: Sojo Gatoru|Trick Room|p2a: Sojo Gatoru
|-fieldstart|move: Trick Room|[of] p2a: Sojo Gatoru
|
|upkeep
|turn|13
|
|t:|1747426185
|move|p2a: Sojo Gatoru|Ice Beam|p1a: Tornadus
|-damage|p1a: Tornadus|0 fnt
|faint|p1a: Tornadus
|
|upkeep
|l| CybOrganist
|
|t:|1747426233
|switch|p1a: Terapagos|Terapagos, M|100\/100
|-activate|p1a: Terapagos|ability: Tera Shift
|detailschange|p1a: Terapagos|Terapagos-Terastal, M
|-heal|p1a: Terapagos|100\/100|[silent]
|turn|14
|
|t:|1747426250
|move|p2a: Sojo Gatoru|Psyshock|p1a: Terapagos
|-activate|p1a: Terapagos|ability: Tera Shell
|-resisted|p1a: Terapagos
|-damage|p1a: Terapagos|66\/100
|move|p1a: Terapagos|Calm Mind|p1a: Terapagos
|-boost|p1a: Terapagos|spa|1
|-boost|p1a: Terapagos|spd|1
|
|upkeep
|turn|15
|
|t:|1747426263
|move|p2a: Sojo Gatoru|Psyshock|p1a: Terapagos
|-damage|p1a: Terapagos|0 fnt
|faint|p1a: Terapagos
|
|upkeep
|
|t:|1747426271
|switch|p1a: Tapu Lele|Tapu Lele, shiny|68\/100
|-fieldstart|move: Psychic Terrain|[from] ability: Psychic Surge|[of] p1a: Tapu Lele
|turn|16
|
|t:|1747426336
|move|p2a: Sojo Gatoru|Psyshock|p1a: Tapu Lele
|-resisted|p1a: Tapu Lele
|-damage|p1a: Tapu Lele|0 fnt
|faint|p1a: Tapu Lele
|
|-fieldend|move: Trick Room
|upkeep
|
|t:|1747426344
|switch|p1a: Chi-Yu|Chi-Yu|100\/100
|-ability|p1a: Chi-Yu|Beads of Ruin
|turn|17
|
|t:|1747426353
|switch|p2a: Gosa Rutojo|Porygon2|17\/100
|-ability|p2a: Gosa Rutojo|Download|boost
|-boost|p2a: Gosa Rutojo|atk|1
|move|p1a: Chi-Yu|Dark Pulse|p2a: Gosa Rutojo
|-damage|p2a: Gosa Rutojo|0 fnt
|faint|p2a: Gosa Rutojo
|
|upkeep
|j| CybOrganist
|
|t:|1747426385
|switch|p2a: Rugo Jotaro|Klefki, M|100\/100
|turn|18
|
|t:|1747426397
|switch|p1a: Toxapex|Toxapex, F, shiny|100\/100
|move|p2a: Rugo Jotaro|Light Screen|p2a: Rugo Jotaro
|-sidestart|p2: GuRRuO|move: Light Screen
|
|upkeep
|turn|19
|j| Superpanchi
|
|t:|1747426410
|move|p1a: Toxapex|Scald|p2a: Rugo Jotaro
|-damage|p2a: Rugo Jotaro|93\/100
|move|p2a: Rugo Jotaro|Trick Room|p2a: Rugo Jotaro
|-fieldstart|move: Trick Room|[of] p2a: Rugo Jotaro
|
|upkeep
|turn|20
|
|t:|1747426419
|switch|p2a: Sojo Gatoru|Slowking-Galar, F|74\/100
|move|p1a: Toxapex|Scald|p2a: Sojo Gatoru
|-damage|p2a: Sojo Gatoru|68\/100
|
|upkeep
|turn|21
|
|t:|1747426431
|move|p2a: Sojo Gatoru|Psyshock|p1a: Toxapex
|-supereffective|p1a: Toxapex
|-damage|p1a: Toxapex|45\/100
|move|p1a: Toxapex|Scald|p2a: Sojo Gatoru
|-damage|p2a: Sojo Gatoru|62\/100
|-status|p2a: Sojo Gatoru|brn
|
|-heal|p1a: Toxapex|51\/100|[from] item: Black Sludge
|-damage|p2a: Sojo Gatoru|56\/100 brn|[from] brn
|upkeep
|turn|22
|
|t:|1747426444
|move|p2a: Sojo Gatoru|Psyshock|p1a: Toxapex
|-supereffective|p1a: Toxapex
|-damage|p1a: Toxapex|0 fnt
|faint|p1a: Toxapex
|
|-damage|p2a: Sojo Gatoru|49\/100 brn|[from] brn
|upkeep
|
|t:|1747426451
|switch|p1a: Chi-Yu|Chi-Yu|100\/100
|-ability|p1a: Chi-Yu|Beads of Ruin
|turn|23
|
|t:|1747426458
|move|p2a: Sojo Gatoru|Surf|p1a: Chi-Yu
|-supereffective|p1a: Chi-Yu
|-damage|p1a: Chi-Yu|30\/100
|move|p1a: Chi-Yu|Dark Pulse|p2a: Sojo Gatoru
|-supereffective|p2a: Sojo Gatoru
|-damage|p2a: Sojo Gatoru|6\/100 brn
|
|-damage|p2a: Sojo Gatoru|0 fnt|[from] brn
|faint|p2a: Sojo Gatoru
|-fieldend|move: Trick Room
|-fieldend|move: Psychic Terrain
|upkeep
|
|t:|1747426475
|switch|p2a: Jojo Sasaru|Sneasler, F|100\/100
|turn|24
|
|t:|1747426483
|move|p1a: Chi-Yu|Dark Pulse|p2a: Jojo Sasaru
|-resisted|p2a: Jojo Sasaru
|-damage|p2a: Jojo Sasaru|78\/100
|move|p2a: Jojo Sasaru|Close Combat|p1a: Chi-Yu
|-supereffective|p1a: Chi-Yu
|-damage|p1a: Chi-Yu|0 fnt
|-unboost|p2a: Jojo Sasaru|def|1
|-unboost|p2a: Jojo Sasaru|spd|1
|faint|p1a: Chi-Yu
|
|win|GuRRuO
|c|☆BloomingDino|ggs
|c|☆GuRRuO|thanks ggs !
|l| Superpanchi
|l|☆BloomingDino
|player|p1|
|j| Superpanchi

</script>
</div>
<div class="battle-log battle-log-inline"><div class="inner"><div class="battle-options"></div><div class="inner message-log"><div class="chat"><small>☆BloomingDino and ☆GuRRuO joined</small></div><div class=""><small>Format:</small> <br><strong>[Gen 9] NatDex Draft</strong></div><div class=""><small><em>Sleep Clause Mod:</em> Limit one foe put to sleep</small></div><div class=""><small><em>OHKO Clause:</em> OHKO moves are banned</small></div><div class=""><small><em>Evasion Clause:</em> Evasion abilities, items, and moves are banned</small></div><div class=""><small><em>Evasion Abilities Clause:</em> Evasion abilities are banned</small></div><div class=""><small><em>Evasion Items Clause:</em> Evasion items are banned</small></div><div class=""><small><em>Evasion Moves Clause:</em> Evasion moves are banned</small></div><div class=""><small><em>Endless Battle Clause:</em> Forcing endless battles is banned</small></div><div class=""><small><em>HP Percentage Mod:</em> HP is shown in percentages</small></div><div class="chat battle-history"><strong>BloomingDino's team:</strong> <em style="color:#445566;display:block;">Terapagos / Tornadus / Chi-Yu / Toxapex / Tapu Lele / Rhydon</em></div><div class="chat battle-history"><strong>GuRRuO's team:</strong> <em style="color:#445566;display:block;">Sneasler / Stakataka / Slowking-Galar / Klefki / Porygon2 / Crawdaunt</em></div><div class="chat chatmessage-bloomingdino"><strong style="color:#8465cd"><small class="groupsymbol">☆</small><span class="username">BloomingDino</span>:</strong> <em>got link</em></div><div class="chat chatmessage-bloomingdino"><strong style="color:#8465cd"><small class="groupsymbol">☆</small><span class="username">BloomingDino</span>:</strong> <em>glhf</em></div><div class="chat chatmessage-gurruo"><strong style="color:#d92615"><small class="groupsymbol">☆</small><span class="username">GuRRuO</span>:</strong> <em>glhf</em></div><div class="chat"><small> Superpanchi joined</small></div><div class="spacer battle-history"><br></div><div class="battle-history">Battle started between BloomingDino and GuRRuO!<br></div><div class="spacer battle-history"><br></div><div class="battle-history">Go! <strong>Tapu Lele</strong>!<br></div><div class="spacer battle-history"><br></div><div class="battle-history">GuRRuO sent out Gosa Rutojo (<strong>Porygon2</strong>)!<br></div><div class="battle-history">[Tapu Lele's Psychic Surge]<br><small>The battlefield got weird!</small><br></div><div class="battle-history">[The opposing Gosa Rutojo's Download]<br></div><div class="battle-history"><small>The opposing Gosa Rutojo's Attack rose!</small><br></div><div class="spacer battle-history"><br></div><h2 class="battle-history">Turn 1</h2><div class="spacer battle-history"><br></div><div class="battle-history">Tapu Lele used <strong>Moonblast</strong>!<br></div><div class="battle-history"><small>(The opposing Gosa Rutojo lost 21% of its health!)</small><br></div><div class="spacer battle-history"><br></div><div class="battle-history">The opposing Gosa Rutojo used <strong>Trick Room</strong>!<br></div><div class="battle-history"><small>The opposing Gosa Rutojo twisted the dimensions!</small><br></div><div class="spacer battle-history"><br></div><h2 class="battle-history">Turn 2</h2><div class="chat"><small> CybOrganist joined</small></div><div class="spacer battle-history"><br></div><div class="battle-history">The opposing Gosa Rutojo used <strong>Ice Beam</strong>!<br></div><div class="battle-history"><small>A critical hit!</small><br></div><div class="battle-history"><small>(Tapu Lele lost 32% of its health!)</small><br></div><div class="spacer battle-history"><br></div><div class="battle-history">Tapu Lele used <strong>Taunt</strong>!<br></div><div class="battle-history"><small>The opposing Gosa Rutojo fell for the taunt!</small><br></div><div class="spacer battle-history"><br></div><h2 class="battle-history">Turn 3</h2><div class="chat"><small> Superpanchi left</small></div><div class="spacer battle-history"><br></div><div class="battle-history">Tapu Lele, come back!<br></div><div class="battle-history">Go! <strong>Rhydon</strong>!<br></div><div class="spacer battle-history"><br></div><div class="battle-history">The opposing Gosa Rutojo used <strong>Ice Beam</strong>!<br></div><div class="battle-history"><small>It's super effective!</small><br></div><div class="battle-history"><small>(Rhydon lost 48% of its health!)</small><br></div><div class="spacer battle-history"><br></div><h2 class="battle-history">Turn 4</h2><div class="spacer battle-history"><br></div><div class="battle-history">The opposing Gosa Rutojo used <strong>Ice Beam</strong>!<br></div><div class="battle-history"><small>It's super effective!</small><br></div><div class="battle-history"><small>(Rhydon lost 49% of its health!)</small><br></div><div class="spacer battle-history"><br></div><div class="battle-history">Rhydon used <strong>Stone Edge</strong>!<br></div><div class="battle-history"><small>(The opposing Gosa Rutojo lost 37% of its health!)</small><br></div><div class="spacer battle-history"><br></div><h2 class="battle-history">Turn 5</h2><div class="spacer battle-history"><br></div><div class="battle-history">The opposing Gosa Rutojo used <strong>Ice Beam</strong>!<br></div><div class="battle-history"><small>It's super effective!</small><br></div><div class="battle-history"><small>A critical hit!</small><br></div><div class="battle-history"><small>(Rhydon lost 3% of its health!)</small><br></div><div class="spacer battle-history"><br></div><div class="battle-history">Rhydon fainted!<br></div><div class="spacer battle-history"><br></div><div class="battle-history"><small>The opposing Gosa Rutojo shook off the taunt!</small><br></div><div class="battle-history"><small>The twisted dimensions returned to normal!</small><br></div><div class="spacer battle-history"><br></div><div class="battle-history">Go! <strong>Chi-Yu</strong>!<br></div><div class="battle-history">[Chi-Yu's Beads of Ruin]<br><small>Chi-Yu's Beads of Ruin weakened the Sp. Def of all surrounding Pokémon!</small><br></div><div class="spacer battle-history"><br></div><h2 class="battle-history">Turn 6</h2><div class="spacer battle-history"><br></div><div class="battle-history">Chi-Yu used <strong>Fire Blast</strong>!<br></div><div class="battle-history"><small>(The opposing Gosa Rutojo lost 41% of its health!)</small><br></div><div class="spacer battle-history"><br></div><div class="battle-history">The opposing Gosa Rutojo used <strong>Trick Room</strong>!<br></div><div class="battle-history"><small>The opposing Gosa Rutojo twisted the dimensions!</small><br></div><div class="spacer battle-history"><br></div><h2 class="battle-history">Turn 7</h2><div class="spacer battle-history"><br></div><div class="battle-history">The opposing Gosa Rutojo used <strong>Recover</strong>!<br></div><div class="battle-history"><small>The opposing Gosa Rutojo had its HP restored.</small><br></div><div class="spacer battle-history"><br></div><div class="battle-history">Chi-Yu used <strong>Fire Blast</strong>!<br></div><div class="battle-history"><small>(The opposing Gosa Rutojo lost 43% of its health!)</small><br></div><div class="spacer battle-history"><br></div><h2 class="battle-history">Turn 8</h2><div class="spacer battle-history"><br></div><div class="battle-history">The opposing Gosa Rutojo used <strong>Recover</strong>!<br></div><div class="battle-history"><small>The opposing Gosa Rutojo had its HP restored.</small><br></div><div class="spacer battle-history"><br></div><div class="battle-history">Chi-Yu used <strong>Fire Blast</strong>!<br></div><div class="battle-history"><small>(The opposing Gosa Rutojo lost 41% of its health!)</small><br></div><div class="spacer battle-history"><br></div><div class="battle-history"><small>The weirdness disappeared from the battlefield!</small><br></div><div class="spacer battle-history"><br></div><h2 class="battle-history">Turn 9</h2><div class="spacer battle-history"><br></div><div class="battle-history">GuRRuO withdrew Gosa Rutojo!<br></div><div class="battle-history">GuRRuO sent out Saja Goruta (<strong>Crawdaunt</strong>)!<br></div><div class="spacer battle-history"><br></div><div class="battle-history">Chi-Yu used <strong>Fire Blast</strong>!<br></div><div class="battle-history"><small>It's not very effective...</small><br></div><div class="battle-history"><small>(The opposing Saja Goruta lost 66% of its health!)</small><br></div><div class="battle-history"><small>The opposing Saja Goruta was burned!</small><br></div><div class="spacer battle-history"><br></div><div class="battle-history"><small>The opposing Saja Goruta was hurt by its burn!</small><br></div><div class="spacer battle-history"><br></div><h2 class="battle-history">Turn 10</h2><div class="spacer battle-history"><br></div><div class="battle-history">Chi-Yu, come back!<br></div><div class="battle-history">Go! <strong>Tornadus</strong>!<br></div><div class="spacer battle-history"><br></div><div class="battle-history">The opposing Saja Goruta used <strong>Crabhammer</strong>!<br></div><div class="battle-history"><small>(Tornadus lost 68% of its health!)</small><br></div><div class="battle-history"><small>The opposing Saja Goruta lost some of its HP!</small><br></div><div class="spacer battle-history"><br></div><div class="battle-history"><small>The opposing Saja Goruta was hurt by its burn!</small><br></div><div class="battle-history"><small>The twisted dimensions returned to normal!</small><br></div><div class="spacer battle-history"><br></div><h2 class="battle-history">Turn 11</h2><div class="spacer battle-history"><br></div><div class="battle-history"><small>Tornadus has Terastallized into the Ghost-type!</small><br></div><div class="spacer battle-history"><br></div><div class="battle-history">The opposing Saja Goruta used <strong>Aqua Jet</strong>!<br></div><div class="battle-history"><small>(Tornadus lost 30% of its health!)</small><br></div><div class="battle-history"><small>The opposing Saja Goruta lost some of its HP!</small><br></div><div class="spacer battle-history"><br></div><div class="battle-history">Tornadus used <strong>Tera Blast</strong>!<br></div><div class="battle-history"><small>It's not very effective...</small><br></div><div class="battle-history"><small>(The opposing Saja Goruta lost 2% of its health!)</small><br></div><div class="spacer battle-history"><br></div><div class="battle-history">The opposing Saja Goruta fainted!<br></div><div class="chat chatmessage-bloomingdino"><strong style="color:#8465cd"><small class="groupsymbol">☆</small><span class="username">BloomingDino</span>:</strong> <em>huh</em></div><div class="chat chatmessage-bloomingdino"><strong style="color:#8465cd"><small class="groupsymbol">☆</small><span class="username">BloomingDino</span>:</strong> <em>why did my torn have scarf for a second</em></div><div class="chat chatmessage-gurruo"><strong style="color:#d92615"><small class="groupsymbol">☆</small><span class="username">GuRRuO</span>:</strong> <em>priority</em></div><div class="spacer battle-history"><br></div><div class="battle-history">GuRRuO sent out Sojo Gatoru (<strong>Slowking-Galar</strong>)!<br></div><div class="spacer battle-history"><br></div><h2 class="battle-history">Turn 12</h2><div class="spacer battle-history"><br></div><div class="battle-history">Tornadus used <strong>Tera Blast</strong>!<br></div><div class="battle-history"><small>It's super effective!</small><br></div><div class="battle-history"><small>(The opposing Sojo Gatoru lost 59% of its health!)</small><br></div><div class="battle-history"><small>(The opposing Sojo Gatoru used its Weakness Policy!)</small><br></div><div class="battle-history"><small>The Weakness Policy sharply raised the opposing Sojo Gatoru's Attack!</small><br></div><div class="battle-history"><small>The Weakness Policy sharply raised the opposing Sojo Gatoru's Sp. Atk!</small><br></div><div class="spacer battle-history"><br></div><div class="battle-history">The opposing Sojo Gatoru used <strong>Trick Room</strong>!<br></div><div class="battle-history"><small>The opposing Sojo Gatoru twisted the dimensions!</small><br></div><div class="spacer battle-history"><br></div><h2 class="battle-history">Turn 13</h2><div class="spacer battle-history"><br></div><div class="battle-history">The opposing Sojo Gatoru used <strong>Ice Beam</strong>!<br></div><div class="battle-history"><small>(Tornadus lost 2% of its health!)</small><br></div><div class="spacer battle-history"><br></div><div class="battle-history">Tornadus fainted!<br></div><div class="chat"><small> CybOrganist left</small></div><div class="spacer battle-history"><br></div><div class="battle-history">Go! <strong>Terapagos</strong>!<br></div><div class="battle-history">[Terapagos's Tera Shift]<br></div><div class="battle-history">Terapagos transformed!<br></div><div class="spacer battle-history"><br></div><h2 class="battle-history">Turn 14</h2><div class="spacer battle-history"><br></div><div class="battle-history">The opposing Sojo Gatoru used <strong>Psyshock</strong>!<br></div><div class="battle-history">[Terapagos's Tera Shell]<br><small>Terapagos made its shell gleam! It's distorting type matchups!</small><br></div><div class="battle-history"><small>It's not very effective...</small><br></div><div class="battle-history"><small>(Terapagos lost 34% of its health!)</small><br></div><div class="spacer battle-history"><br></div><div class="battle-history">Terapagos used <strong>Calm Mind</strong>!<br></div><div class="battle-history"><small>Terapagos's Sp. Atk rose!</small><br></div><div class="battle-history"><small>Terapagos's Sp. Def rose!</small><br></div><div class="spacer battle-history"><br></div><h2 class="battle-history">Turn 15</h2><div class="spacer battle-history"><br></div><div class="battle-history">The opposing Sojo Gatoru used <strong>Psyshock</strong>!<br></div><div class="battle-history"><small>(Terapagos lost 66% of its health!)</small><br></div><div class="spacer battle-history"><br></div><div class="battle-history">Terapagos fainted!<br></div><div class="spacer battle-history"><br></div><div class="battle-history">Go! <strong>Tapu Lele</strong>!<br></div><div class="battle-history">[Tapu Lele's Psychic Surge]<br><small>The battlefield got weird!</small><br></div><div class="spacer battle-history"><br></div><h2 class="battle-history">Turn 16</h2><div class="spacer battle-history"><br></div><div class="battle-history">The opposing Sojo Gatoru used <strong>Psyshock</strong>!<br></div><div class="battle-history"><small>It's not very effective...</small><br></div><div class="battle-history"><small>(Tapu Lele lost 68% of its health!)</small><br></div><div class="spacer battle-history"><br></div><div class="battle-history">Tapu Lele fainted!<br></div><div class="spacer battle-history"><br></div><div class="battle-history"><small>The twisted dimensions returned to normal!</small><br></div><div class="spacer battle-history"><br></div><div class="battle-history">Go! <strong>Chi-Yu</strong>!<br></div><div class="battle-history">[Chi-Yu's Beads of Ruin]<br><small>Chi-Yu's Beads of Ruin weakened the Sp. Def of all surrounding Pokémon!</small><br></div><div class="spacer battle-history"><br></div><h2 class="battle-history">Turn 17</h2><div class="spacer battle-history"><br></div><div class="battle-history">GuRRuO withdrew Sojo Gatoru!<br></div><div class="battle-history">GuRRuO sent out Gosa Rutojo (<strong>Porygon2</strong>)!<br></div><div class="battle-history">[The opposing Gosa Rutojo's Download]<br></div><div class="battle-history"><small>The opposing Gosa Rutojo's Attack rose!</small><br></div><div class="spacer battle-history"><br></div><div class="battle-history">Chi-Yu used <strong>Dark Pulse</strong>!<br></div><div class="battle-history"><small>(The opposing Gosa Rutojo lost 17% of its health!)</small><br></div><div class="spacer battle-history"><br></div><div class="battle-history">The opposing Gosa Rutojo fainted!<br></div><div class="chat"><small> CybOrganist joined</small></div><div class="spacer battle-history"><br></div><div class="battle-history">GuRRuO sent out Rugo Jotaro (<strong>Klefki</strong>)!<br></div><div class="spacer battle-history"><br></div><h2 class="battle-history">Turn 18</h2><div class="spacer battle-history"><br></div><div class="battle-history">Chi-Yu, come back!<br></div><div class="battle-history">Go! <strong>Toxapex</strong>!<br></div><div class="spacer battle-history"><br></div><div class="battle-history">The opposing Rugo Jotaro used <strong>Light Screen</strong>!<br></div><div class="battle-history"><small>Light Screen made the opposing team stronger against special moves!</small><br></div><div class="spacer battle-history"><br></div><h2 class="battle-history">Turn 19</h2><div class="chat"><small> Superpanchi joined</small></div><div class="spacer battle-history"><br></div><div class="battle-history">Toxapex used <strong>Scald</strong>!<br></div><div class="battle-history"><small>(The opposing Rugo Jotaro lost 7% of its health!)</small><br></div><div class="spacer battle-history"><br></div><div class="battle-history">The opposing Rugo Jotaro used <strong>Trick Room</strong>!<br></div><div class="battle-history"><small>The opposing Rugo Jotaro twisted the dimensions!</small><br></div><div class="spacer battle-history"><br></div><h2 class="battle-history">Turn 20</h2><div class="spacer battle-history"><br></div><div class="battle-history">GuRRuO withdrew Rugo Jotaro!<br></div><div class="battle-history">GuRRuO sent out Sojo Gatoru (<strong>Slowking-Galar</strong>)!<br></div><div class="spacer battle-history"><br></div><div class="battle-history">Toxapex used <strong>Scald</strong>!<br></div><div class="battle-history"><small>(The opposing Sojo Gatoru lost 6% of its health!)</small><br></div><div class="spacer battle-history"><br></div><h2 class="battle-history">Turn 21</h2><div class="spacer battle-history"><br></div><div class="battle-history">The opposing Sojo Gatoru used <strong>Psyshock</strong>!<br></div><div class="battle-history"><small>It's super effective!</small><br></div><div class="battle-history"><small>(Toxapex lost 55% of its health!)</small><br></div><div class="spacer battle-history"><br></div><div class="battle-history">Toxapex used <strong>Scald</strong>!<br></div><div class="battle-history"><small>(The opposing Sojo Gatoru lost 6% of its health!)</small><br></div><div class="battle-history"><small>The opposing Sojo Gatoru was burned!</small><br></div><div class="spacer battle-history"><br></div><div class="battle-history"><small>Toxapex restored a little HP using its Black Sludge!</small><br></div><div class="battle-history"><small>The opposing Sojo Gatoru was hurt by its burn!</small><br></div><div class="spacer battle-history"><br></div><h2 class="battle-history">Turn 22</h2><div class="spacer battle-history"><br></div><div class="battle-history">The opposing Sojo Gatoru used <strong>Psyshock</strong>!<br></div><div class="battle-history"><small>It's super effective!</small><br></div><div class="battle-history"><small>(Toxapex lost 51% of its health!)</small><br></div><div class="spacer battle-history"><br></div><div class="battle-history">Toxapex fainted!<br></div><div class="spacer battle-history"><br></div><div class="battle-history"><small>The opposing Sojo Gatoru was hurt by its burn!</small><br></div><div class="spacer battle-history"><br></div><div class="battle-history">Go! <strong>Chi-Yu</strong>!<br></div><div class="battle-history">[Chi-Yu's Beads of Ruin]<br><small>Chi-Yu's Beads of Ruin weakened the Sp. Def of all surrounding Pokémon!</small><br></div><div class="spacer battle-history"><br></div><h2 class="battle-history">Turn 23</h2><div class="spacer battle-history"><br></div><div class="battle-history">The opposing Sojo Gatoru used <strong>Surf</strong>!<br></div><div class="battle-history"><small>It's super effective!</small><br></div><div class="battle-history"><small>(Chi-Yu lost 70% of its health!)</small><br></div><div class="spacer battle-history"><br></div><div class="battle-history">Chi-Yu used <strong>Dark Pulse</strong>!<br></div><div class="battle-history"><small>It's super effective!</small><br></div><div class="battle-history"><small>(The opposing Sojo Gatoru lost 43% of its health!)</small><br></div><div class="spacer battle-history"><br></div><div class="battle-history"><small>The opposing Sojo Gatoru was hurt by its burn!</small><br></div><div class="spacer battle-history"><br></div><div class="battle-history">The opposing Sojo Gatoru fainted!<br></div><div class="battle-history"><small>The twisted dimensions returned to normal!</small><br></div><div class="battle-history"><small>The weirdness disappeared from the battlefield!</small><br></div><div class="spacer battle-history"><br></div><div class="battle-history">GuRRuO sent out Jojo Sasaru (<strong>Sneasler</strong>)!<br></div><div class="spacer battle-history"><br></div><h2 class="battle-history">Turn 24</h2><div class="spacer battle-history"><br></div><div class="battle-history">Chi-Yu used <strong>Dark Pulse</strong>!<br></div><div class="battle-history"><small>It's not very effective...</small><br></div><div class="battle-history"><small>(The opposing Jojo Sasaru lost 22% of its health!)</small><br></div><div class="spacer battle-history"><br></div><div class="battle-history">The opposing Jojo Sasaru used <strong>Close Combat</strong>!<br></div><div class="battle-history"><small>It's super effective!</small><br></div><div class="battle-history"><small>(Chi-Yu lost 30% of its health!)</small><br></div><div class="battle-history"><small>The opposing Jojo Sasaru's Defense fell!</small><br></div><div class="battle-history"><small>The opposing Jojo Sasaru's Sp. Def fell!</small><br></div><div class="spacer battle-history"><br></div><div class="battle-history">Chi-Yu fainted!<br></div><div class="spacer battle-history"><br></div><div class="battle-history"><strong>GuRRuO</strong> won the battle!<br></div><div class="chat chatmessage-bloomingdino"><strong style="color:#8465cd"><small class="groupsymbol">☆</small><span class="username">BloomingDino</span>:</strong> <em>ggs</em></div><div class="chat chatmessage-gurruo"><strong style="color:#d92615"><small class="groupsymbol">☆</small><span class="username">GuRRuO</span>:</strong> <em>thanks ggs !</em></div><div class="chat"><small> Superpanchi and ☆BloomingDino left</small></div><div class="chat"><small> Superpanchi joined</small></div></div><div class="inner-preempt message-log"></div></div></div>
</div>
<script>
let daily = Math.floor(Date.now()/1000/60/60/24);document.write('<script src="https://play.pokemonshowdown.com/js/replay-embed.js?version'+daily+'"></'+'script>');
</script>
