<!DOCTYPE html>
<meta charset="utf-8" />
<!-- version 1 -->
<title>[Gen 9] NatDex Draft replay: The_OxAlChemist vs. kingjulian200</title>
<style>
html,body {font-family:Verdana, sans-serif;font-size:10pt;margin:0;padding:0;}body{padding:12px 0;} .battle-log {font-family:Verdana, sans-serif;font-size:10pt;} .battle-log-inline {border:1px solid #AAAAAA;background:#EEF2F5;color:black;max-width:640px;margin:0 auto 80px;padding-bottom:5px;} .battle-log .inner {padding:4px 8px 0px 8px;} .battle-log .inner-preempt {padding:0 8px 4px 8px;} .battle-log .inner-after {margin-top:0.5em;} .battle-log h2 {margin:0.5em -8px;padding:4px 8px;border:1px solid #AAAAAA;background:#E0E7EA;border-left:0;border-right:0;font-family:Verdana, sans-serif;font-size:13pt;} .battle-log .chat {vertical-align:middle;padding:3px 0 3px 0;font-size:8pt;} .battle-log .chat strong {color:#40576A;} .battle-log .chat em {padding:1px 4px 1px 3px;color:#000000;font-style:normal;} .chat.mine {background:rgba(0,0,0,0.05);margin-left:-8px;margin-right:-8px;padding-left:8px;padding-right:8px;} .spoiler {color:#BBBBBB;background:#BBBBBB;padding:0px 3px;} .spoiler:hover, .spoiler:active, .spoiler-shown {color:#000000;background:#E2E2E2;padding:0px 3px;} .spoiler a {color:#BBBBBB;} .spoiler:hover a, .spoiler:active a, .spoiler-shown a {color:#2288CC;} .chat code, .chat .spoiler:hover code, .chat .spoiler:active code, .chat .spoiler-shown code {border:1px solid #C0C0C0;background:#EEEEEE;color:black;padding:0 2px;} .chat .spoiler code {border:1px solid #CCCCCC;background:#CCCCCC;color:#CCCCCC;} .battle-log .rated {padding:3px 4px;} .battle-log .rated strong {color:white;background:#89A;padding:1px 4px;border-radius:4px;} .spacer {margin-top:0.5em;} .message-announce {background:#6688AA;color:white;padding:1px 4px 2px;} .message-announce a, .broadcast-green a, .broadcast-blue a, .broadcast-red a {color:#DDEEFF;} .broadcast-green {background-color:#559955;color:white;padding:2px 4px;} .broadcast-blue {background-color:#6688AA;color:white;padding:2px 4px;} .infobox {border:1px solid #6688AA;padding:2px 4px;} .infobox-limited {max-height:200px;overflow:auto;overflow-x:hidden;} .broadcast-red {background-color:#AA5544;color:white;padding:2px 4px;} .message-learn-canlearn {font-weight:bold;color:#228822;text-decoration:underline;} .message-learn-cannotlearn {font-weight:bold;color:#CC2222;text-decoration:underline;} .message-effect-weak {font-weight:bold;color:#CC2222;} .message-effect-resist {font-weight:bold;color:#6688AA;} .message-effect-immune {font-weight:bold;color:#666666;} .message-learn-list {margin-top:0;margin-bottom:0;} .message-throttle-notice, .message-error {color:#992222;} .message-overflow, .chat small.message-overflow {font-size:0pt;} .message-overflow::before {font-size:9pt;content:'...';} .subtle {color:#3A4A66;}
</style>
<div class="wrapper replay-wrapper" style="max-width:1180px;margin:0 auto">
<input type="hidden" name="replayid" value="gen9natdexdraft-2360610910" />
<div class="battle"></div><div class="battle-log"></div><div class="replay-controls"></div><div class="replay-controls-2"></div>
<h1 style="font-weight:normal;text-align:center"><strong>[Gen 9] NatDex Draft</strong><br /><a href="http://pokemonshowdown.com/users/theoxalchemist" class="subtle" target="_blank">The_OxAlChemist</a> vs. <a href="http://pokemonshowdown.com/users/kingjulian200" class="subtle" target="_blank">kingjulian200</a></h1>
<script type="text/plain" class="battle-log-data">
|j|☆The_OxAlChemist
|j|☆kingjulian200
|t:|1746822790
|gametype|singles
|player|p1|The_OxAlChemist|266|
|player|p2|kingjulian200|n|
|teamsize|p1|6
|teamsize|p2|6
|gen|9
|tier|[Gen 9] NatDex Draft
|rule|Sleep Clause Mod: Limit one foe put to sleep
|rule|OHKO Clause: OHKO moves are banned
|rule|Evasion Clause: Evasion abilities, items, and moves are banned
|rule|Evasion Abilities Clause: Evasion abilities are banned
|rule|Evasion Items Clause: Evasion items are banned
|rule|Evasion Moves Clause: Evasion moves are banned
|rule|Endless Battle Clause: Forcing endless battles is banned
|rule|HP Percentage Mod: HP is shown in percentages
|clearpoke
|poke|p1|Chi-Yu|
|poke|p1|Torkoal, M|
|poke|p1|Doublade, M|
|poke|p1|Zoroark-Hisui, F|
|poke|p1|Dachsbun, M|
|poke|p1|Roaring Moon|
|poke|p2|Aurorus, F|
|poke|p2|Latias, F|
|poke|p2|Urshifu-*, F|
|poke|p2|Dusclops, M|
|poke|p2|Bisharp, M|
|poke|p2|Cinderace, M|
|teampreview
|c|☆The_OxAlChemist|Yippee
|c|☆The_OxAlChemist|Thanks man
|c|☆kingjulian200|Glhf
|c|☆kingjulian200|np
|c|☆kingjulian200|nw*
|c|☆The_OxAlChemist|Gl hf
|c|☆The_OxAlChemist|Thanks for dropping it in the server
|c|☆kingjulian200|nw :D
|
|t:|1746822900
|start
|switch|p1a: Oscar|Dachsbun, M|100\/100
|switch|p2a: Dusclops|Dusclops, M|100\/100
|-item|p1a: Oscar|Assault Vest|[from] ability: Frisk|[of] p2a: Dusclops
|turn|1
|
|t:|1746822937
|switch|p1a: PowerOfGodAndAnime|Doublade, M|100\/100
|move|p2a: Dusclops|Skill Swap|p1a: PowerOfGodAndAnime
|-activate|p2a: Dusclops|move: Skill Swap|No Guard|Frisk|[of] p1a: PowerOfGodAndAnime
|-item|p2a: Dusclops|Iron Ball|[from] ability: Frisk|[of] p1a: PowerOfGodAndAnime
|
|upkeep
|turn|2
|j| Superpanchi
|c|☆The_OxAlChemist|My man cooked
|j| jackstrick321
|l| Superpanchi
|
|t:|1746822989
|switch|p2a: Bisharp|Bisharp, M|100\/100
|move|p1a: PowerOfGodAndAnime|Substitute|p1a: PowerOfGodAndAnime
|-start|p1a: PowerOfGodAndAnime|Substitute
|-damage|p1a: PowerOfGodAndAnime|76\/100
|
|upkeep
|turn|3
|
|t:|1746823002
|move|p2a: Bisharp|Knock Off|p1a: PowerOfGodAndAnime
|-supereffective|p1a: PowerOfGodAndAnime
|-end|p1a: PowerOfGodAndAnime|Substitute
|move|p1a: PowerOfGodAndAnime|Close Combat|p2a: Bisharp
|-supereffective|p2a: Bisharp
|-damage|p2a: Bisharp|14\/100
|-unboost|p1a: PowerOfGodAndAnime|def|1
|-unboost|p1a: PowerOfGodAndAnime|spd|1
|
|upkeep
|turn|4
|
|t:|1746823033
|switch|p1a: MY SUN|Torkoal, M|100\/100
|-weather|SunnyDay|[from] ability: Drought|[of] p1a: MY SUN
|move|p2a: Bisharp|Knock Off|p1a: MY SUN
|-damage|p1a: MY SUN|64\/100
|-enditem|p1a: MY SUN|Heat Rock|[from] move: Knock Off|[of] p2a: Bisharp
|
|-weather|SunnyDay|[upkeep]
|upkeep
|turn|5
|
|t:|1746823082
|move|p2a: Bisharp|Throat Chop|p1a: MY SUN
|-damage|p1a: MY SUN|36\/100
|-start|p1a: MY SUN|Throat Chop|[silent]
|move|p1a: MY SUN|Earthquake|p2a: Bisharp
|-supereffective|p2a: Bisharp
|-damage|p2a: Bisharp|0 fnt
|faint|p2a: Bisharp
|
|-weather|SunnyDay|[upkeep]
|upkeep
|c|☆The_OxAlChemist|NOT THE SINGING
|
|t:|1746823102
|switch|p2a: Aurorus|Aurorus, F|100\/100
|-weather|Snowscape|[from] ability: Snow Warning|[of] p2a: Aurorus
|turn|6
|
|t:|1746823115
|switch|p1a: Oscar|Dachsbun, M|100\/100
|move|p2a: Aurorus|Aurora Veil|p2a: Aurorus
|-sidestart|p2: kingjulian200|move: Aurora Veil
|
|-weather|Snowscape|[upkeep]
|upkeep
|turn|7
|
|t:|1746823161
|switch|p2a: Latias|Latias, F|100\/100
|move|p1a: Oscar|Body Press|p2a: Latias
|-resisted|p2a: Latias
|-damage|p2a: Latias|94\/100
|
|-weather|Snowscape|[upkeep]
|upkeep
|turn|8
|
|t:|1746823180
|move|p2a: Latias|Tailwind|p2a: Latias
|-sidestart|p2: kingjulian200|move: Tailwind
|move|p1a: Oscar|Crunch|p2a: Latias
|-supereffective|p2a: Latias
|-damage|p2a: Latias|79\/100
|-enditem|p2a: Latias|Weakness Policy
|-boost|p2a: Latias|atk|2|[from] item: Weakness Policy
|-boost|p2a: Latias|spa|2|[from] item: Weakness Policy
|
|-weather|Snowscape|[upkeep]
|upkeep
|turn|9
|c|☆The_OxAlChemist|Oh God
|c|☆kingjulian200|HUGE
|
|t:|1746823205
|move|p2a: Latias|Stored Power|p1a: Oscar
|-damage|p1a: Oscar|31\/100
|move|p1a: Oscar|Play Rough|p2a: Latias
|-supereffective|p2a: Latias
|-damage|p2a: Latias|53\/100
|-unboost|p2a: Latias|atk|1
|
|-weather|Snowscape|[upkeep]
|upkeep
|turn|10
|
|t:|1746823220
|move|p2a: Latias|Stored Power|p1a: Oscar
|-damage|p1a: Oscar|0 fnt
|faint|p1a: Oscar
|
|-weather|none
|-sideend|p2: kingjulian200|move: Aurora Veil
|upkeep
|
|t:|1746823235
|switch|p1a: MY SUN|Torkoal, M|36\/100
|-weather|SunnyDay|[from] ability: Drought|[of] p1a: MY SUN
|turn|11
|
|t:|1746823248
|switch|p1a: KitchenGun|Chi-Yu|100\/100
|-ability|p1a: KitchenGun|Beads of Ruin
|move|p2a: Latias|Dragon Pulse|p1a: KitchenGun
|-damage|p1a: KitchenGun|15\/100
|
|-weather|SunnyDay|[upkeep]
|-sideend|p2: kingjulian200|move: Tailwind
|upkeep
|turn|12
|
|t:|1746823293
|switch|p2a: Cinderace|Cinderace, M|100\/100
|move|p1a: KitchenGun|Dark Pulse|p2a: Cinderace
|-damage|p2a: Cinderace|44\/100
|
|-weather|SunnyDay|[upkeep]
|upkeep
|turn|13
|
|t:|1746823302
|move|p1a: KitchenGun|Dark Pulse|p2a: Cinderace
|-damage|p2a: Cinderace|0 fnt
|faint|p2a: Cinderace
|
|-weather|SunnyDay|[upkeep]
|upkeep
|c|☆The_OxAlChemist|I LOVE YOU KITCHEN GUN
|c|☆The_OxAlChemist|BANG BANG BANG
|
|t:|1746823327
|switch|p2a: Aurorus|Aurorus, F|100\/100
|-weather|Snowscape|[from] ability: Snow Warning|[of] p2a: Aurorus
|turn|14
|
|t:|1746823338
|switch|p1a: MY SUN|Torkoal, M|36\/100
|-weather|SunnyDay|[from] ability: Drought|[of] p1a: MY SUN
|move|p2a: Aurorus|Aurora Veil||[still]
|-fail|p2a: Aurorus
|
|-weather|SunnyDay|[upkeep]
|upkeep
|turn|15
|c|☆The_OxAlChemist|YESSSSSS
|
|t:|1746823357
|switch|p2a: Latias|Latias, F|53\/100
|move|p1a: MY SUN|Body Press|p2a: Latias
|-resisted|p2a: Latias
|-damage|p2a: Latias|41\/100
|
|-weather|SunnyDay|[upkeep]
|upkeep
|turn|16
|
|t:|1746823366
|switch|p1a: PowerOfGodAndAnime|Doublade, M|76\/100
|move|p2a: Latias|Dragon Pulse|p1a: PowerOfGodAndAnime
|-resisted|p1a: PowerOfGodAndAnime
|-damage|p1a: PowerOfGodAndAnime|59\/100
|
|-weather|SunnyDay|[upkeep]
|upkeep
|turn|17
|
|t:|1746823437
|move|p2a: Latias|Tailwind|p2a: Latias
|-sidestart|p2: kingjulian200|move: Tailwind
|move|p1a: PowerOfGodAndAnime|Pursuit|p2a: Latias
|-supereffective|p2a: Latias
|-damage|p2a: Latias|24\/100
|
|-weather|SunnyDay|[upkeep]
|upkeep
|turn|18
|
|t:|1746823453
|move|p2a: Latias|Draining Kiss|p1a: PowerOfGodAndAnime
|-resisted|p1a: PowerOfGodAndAnime
|-damage|p1a: PowerOfGodAndAnime|53\/100
|-heal|p2a: Latias|29\/100|[from] drain|[of] p1a: PowerOfGodAndAnime
|move|p1a: PowerOfGodAndAnime|Substitute|p1a: PowerOfGodAndAnime
|-start|p1a: PowerOfGodAndAnime|Substitute
|-damage|p1a: PowerOfGodAndAnime|28\/100
|
|-weather|none
|upkeep
|turn|19
|
|t:|1746823462
|move|p2a: Latias|Dragon Pulse|p1a: PowerOfGodAndAnime
|-resisted|p1a: PowerOfGodAndAnime
|-crit|p1a: PowerOfGodAndAnime
|-activate|p1a: PowerOfGodAndAnime|move: Substitute|[damage]
|move|p1a: PowerOfGodAndAnime|Toxic|p2a: Latias
|-status|p2a: Latias|tox
|
|-damage|p2a: Latias|22\/100 tox|[from] psn
|upkeep
|turn|20
|
|t:|1746823474
|move|p2a: Latias|Dragon Pulse|p1a: PowerOfGodAndAnime
|-resisted|p1a: PowerOfGodAndAnime
|-end|p1a: PowerOfGodAndAnime|Substitute
|move|p1a: PowerOfGodAndAnime|Pursuit|p2a: Latias
|-supereffective|p2a: Latias
|-damage|p2a: Latias|5\/100 tox
|
|-damage|p2a: Latias|0 fnt|[from] psn
|faint|p2a: Latias
|-sideend|p2: kingjulian200|move: Tailwind
|upkeep
|
|t:|1746823503
|switch|p2a: Aurorus|Aurorus, F|100\/100
|-weather|Snowscape|[from] ability: Snow Warning|[of] p2a: Aurorus
|turn|21
|
|t:|1746823540
|-terastallize|p2a: Aurorus|Water
|move|p2a: Aurorus|Blizzard|p1a: PowerOfGodAndAnime
|-resisted|p1a: PowerOfGodAndAnime
|-damage|p1a: PowerOfGodAndAnime|7\/100
|-damage|p2a: Aurorus|90\/100|[from] item: Life Orb
|move|p1a: PowerOfGodAndAnime|Close Combat|p2a: Aurorus
|-damage|p2a: Aurorus|67\/100
|-unboost|p1a: PowerOfGodAndAnime|def|1
|-unboost|p1a: PowerOfGodAndAnime|spd|1
|
|-weather|Snowscape|[upkeep]
|upkeep
|turn|22
|
|t:|1746823558
|switch|p1a: MY SUN|Torkoal, M|36\/100
|-weather|SunnyDay|[from] ability: Drought|[of] p1a: MY SUN
|move|p2a: Aurorus|Freeze-Dry|p1a: MY SUN
|-resisted|p1a: MY SUN
|-damage|p1a: MY SUN|16\/100
|-damage|p2a: Aurorus|57\/100|[from] item: Life Orb
|
|-weather|SunnyDay|[upkeep]
|upkeep
|turn|23
|
|t:|1746823572
|move|p2a: Aurorus|Freeze-Dry|p1a: MY SUN
|-resisted|p1a: MY SUN
|-damage|p1a: MY SUN|0 fnt
|faint|p1a: MY SUN
|-damage|p2a: Aurorus|47\/100|[from] item: Life Orb
|
|-weather|SunnyDay|[upkeep]
|upkeep
|
|t:|1746823579
|switch|p1a: RoaringMid|Roaring Moon|100\/100
|-activate|p1a: RoaringMid|ability: Protosynthesis
|-start|p1a: RoaringMid|protosynthesisatk
|turn|24
|
|t:|1746823610
|switch|p2a: Dusclops|Dusclops, M|100\/100
|-item|p1a: RoaringMid|Booster Energy|[from] ability: Frisk|[of] p2a: Dusclops
|move|p1a: RoaringMid|Knock Off|p2a: Dusclops
|-supereffective|p2a: Dusclops
|-damage|p2a: Dusclops|0 fnt
|-enditem|p2a: Dusclops|Iron Ball|[from] move: Knock Off|[of] p1a: RoaringMid
|faint|p2a: Dusclops
|
|-weather|SunnyDay|[upkeep]
|upkeep
|c|☆The_OxAlChemist|Bye Dusclops
|
|t:|1746823619
|switch|p2a: Urshifu|Urshifu-Rapid-Strike, F|100\/100
|turn|25
|
|t:|1746823633
|move|p2a: Urshifu|U-turn|p1a: RoaringMid
|-supereffective|p1a: RoaringMid
|-damage|p1a: RoaringMid|41\/100
|
|t:|1746823636
|switch|p2a: Aurorus|Aurorus, F, tera:Water|47\/100|[from] U-turn
|-weather|Snowscape|[from] ability: Snow Warning|[of] p2a: Aurorus
|-end|p1a: RoaringMid|Protosynthesis
|-enditem|p1a: RoaringMid|Booster Energy
|-activate|p1a: RoaringMid|ability: Protosynthesis|[fromitem]
|-start|p1a: RoaringMid|protosynthesisatk
|move|p1a: RoaringMid|Acrobatics|p2a: Aurorus
|-damage|p2a: Aurorus|3\/100
|
|-weather|Snowscape|[upkeep]
|upkeep
|turn|26
|
|t:|1746823673
|move|p1a: RoaringMid|Acrobatics|p2a: Aurorus
|-damage|p2a: Aurorus|0 fnt
|faint|p2a: Aurorus
|
|-weather|Snowscape|[upkeep]
|upkeep
|
|t:|1746823677
|switch|p2a: Urshifu|Urshifu-Rapid-Strike, F|100\/100
|turn|27
|
|t:|1746823716
|-end|p1a: RoaringMid|Protosynthesis|[silent]
|switch|p1a: PowerOfGodAndAnime|Doublade, M|7\/100
|move|p2a: Urshifu|Surging Strikes|p1a: PowerOfGodAndAnime
|-crit|p1a: PowerOfGodAndAnime
|-damage|p1a: PowerOfGodAndAnime|0 fnt
|faint|p1a: PowerOfGodAndAnime
|-hitcount|p1: PowerOfGodAndAnime|1
|
|-weather|Snowscape|[upkeep]
|upkeep
|
|t:|1746823727
|switch|p1a: KitchenGun|Chi-Yu|15\/100
|-ability|p1a: KitchenGun|Beads of Ruin
|turn|28
|
|t:|1746823734
|move|p2a: Urshifu|Surging Strikes|p1a: KitchenGun
|-supereffective|p1a: KitchenGun
|-crit|p1a: KitchenGun
|-damage|p1a: KitchenGun|0 fnt
|faint|p1a: KitchenGun
|-hitcount|p1: KitchenGun|1
|
|-weather|Snowscape|[upkeep]
|upkeep
|c|☆The_OxAlChemist|We may have a slight problem
|
|t:|1746823746
|switch|p1a: RoaringMid|Roaring Moon|100\/100
|turn|29
|
|t:|1746823761
|move|p2a: Urshifu|Surging Strikes|p1a: RoaringMid
|-crit|p1a: RoaringMid
|-damage|p1a: RoaringMid|61\/100
|replace|p1a: IdentityTheft|Zoroark-Hisui, F
|-end|p1a: IdentityTheft|Illusion
|-crit|p1a: IdentityTheft
|-damage|p1a: IdentityTheft|25\/100
|-crit|p1a: IdentityTheft
|-damage|p1a: IdentityTheft|0 fnt
|faint|p1a: IdentityTheft
|-hitcount|p1: IdentityTheft|3
|
|-weather|none
|upkeep
|
|t:|1746823768
|switch|p1a: RoaringMid|Roaring Moon|41\/100
|turn|30
|
|t:|1746823772
|move|p2a: Urshifu|Surging Strikes|p1a: RoaringMid
|-resisted|p1a: RoaringMid
|-crit|p1a: RoaringMid
|-damage|p1a: RoaringMid|30\/100
|-resisted|p1a: RoaringMid
|-crit|p1a: RoaringMid
|-damage|p1a: RoaringMid|18\/100
|-resisted|p1a: RoaringMid
|-crit|p1a: RoaringMid
|-damage|p1a: RoaringMid|6\/100
|-hitcount|p1a: RoaringMid|3
|move|p1a: RoaringMid|Acrobatics|p2a: Urshifu
|-supereffective|p2a: Urshifu
|-damage|p2a: Urshifu|19\/100
|
|upkeep
|turn|31
|c|☆The_OxAlChemist|FUCK
|c|☆The_OxAlChemist|GG
|c|☆kingjulian200|GG
|
|t:|1746823785
|move|p2a: Urshifu|Surging Strikes|p1a: RoaringMid
|-resisted|p1a: RoaringMid
|-crit|p1a: RoaringMid
|-damage|p1a: RoaringMid|0 fnt
|faint|p1a: RoaringMid
|-end|p1a: RoaringMid|Protosynthesis|[silent]
|-hitcount|p1: RoaringMid|1
|
|win|kingjulian200
|c|☆The_OxAlChemist|Can you upload?
|c|☆kingjulian200|will do
|c|☆The_OxAlChemist|Really good game
|c|☆kingjulian200|well played
|c|☆The_OxAlChemist|Best of luck in all the rest
|c|☆kingjulian200|you too!
|c|☆kingjulian200|:D
|c|☆The_OxAlChemist|You too!
|c|☆The_OxAlChemist|See you!

</script>
</div>
<div class="battle-log battle-log-inline"><div class="inner"><div class="battle-options"></div><div class="inner message-log"><div class="chat"><small>☆The_OxAlChemist and ☆kingjulian200 joined</small></div><div class=""><small>Format:</small> <br><strong>[Gen 9] NatDex Draft</strong></div><div class=""><small><em>Sleep Clause Mod:</em> Limit one foe put to sleep</small></div><div class=""><small><em>OHKO Clause:</em> OHKO moves are banned</small></div><div class=""><small><em>Evasion Clause:</em> Evasion abilities, items, and moves are banned</small></div><div class=""><small><em>Evasion Abilities Clause:</em> Evasion abilities are banned</small></div><div class=""><small><em>Evasion Items Clause:</em> Evasion items are banned</small></div><div class=""><small><em>Evasion Moves Clause:</em> Evasion moves are banned</small></div><div class=""><small><em>Endless Battle Clause:</em> Forcing endless battles is banned</small></div><div class=""><small><em>HP Percentage Mod:</em> HP is shown in percentages</small></div><div class="chat battle-history"><strong>The_OxAlChemist's team:</strong> <em style="color:#445566;display:block;">Chi-Yu / Torkoal / Doublade / Zoroark-Hisui / Dachsbun / Roaring Moon</em></div><div class="chat battle-history"><strong>kingjulian200's team:</strong> <em style="color:#445566;display:block;">Aurorus / Latias / Urshifu-* / Dusclops / Bisharp / Cinderace</em></div><div class="chat chatmessage-theoxalchemist"><strong style="color:#9f3bd5"><small class="groupsymbol">☆</small><span class="username">The_OxAlChemist</span>:</strong> <em>Yippee</em></div><div class="chat chatmessage-theoxalchemist"><strong style="color:#9f3bd5"><small class="groupsymbol">☆</small><span class="username">The_OxAlChemist</span>:</strong> <em>Thanks man</em></div><div class="chat chatmessage-kingjulian200"><strong style="color:#ab4d21"><small class="groupsymbol">☆</small><span class="username">kingjulian200</span>:</strong> <em>Glhf</em></div><div class="chat chatmessage-kingjulian200"><strong style="color:#ab4d21"><small class="groupsymbol">☆</small><span class="username">kingjulian200</span>:</strong> <em>np</em></div><div class="chat chatmessage-kingjulian200"><strong style="color:#ab4d21"><small class="groupsymbol">☆</small><span class="username">kingjulian200</span>:</strong> <em>nw*</em></div><div class="chat chatmessage-theoxalchemist"><strong style="color:#9f3bd5"><small class="groupsymbol">☆</small><span class="username">The_OxAlChemist</span>:</strong> <em>Gl hf</em></div><div class="chat chatmessage-theoxalchemist"><strong style="color:#9f3bd5"><small class="groupsymbol">☆</small><span class="username">The_OxAlChemist</span>:</strong> <em>Thanks for dropping it in the server</em></div><div class="chat chatmessage-kingjulian200"><strong style="color:#ab4d21"><small class="groupsymbol">☆</small><span class="username">kingjulian200</span>:</strong> <em>nw :D</em></div><div class="spacer battle-history"><br></div><div class="battle-history">Battle started between The_OxAlChemist and kingjulian200!<br></div><div class="spacer battle-history"><br></div><div class="battle-history">Go! Oscar (<strong>Dachsbun</strong>)!<br></div><div class="spacer battle-history"><br></div><div class="battle-history">kingjulian200 sent out <strong>Dusclops</strong>!<br></div><div class="battle-history">[The opposing Dusclops's Frisk]<br><small>The opposing Dusclops frisked Oscar and found its Assault Vest!</small><br></div><div class="spacer battle-history"><br></div><h2 class="battle-history">Turn 1</h2><div class="spacer battle-history"><br></div><div class="battle-history">Oscar, come back!<br></div><div class="battle-history">Go! PowerOfGodAndAnime (<strong>Doublade</strong>)!<br></div><div class="spacer battle-history"><br></div><div class="battle-history">The opposing Dusclops used <strong>Skill Swap</strong>!<br></div><div class="battle-history">[The opposing Dusclops's No Guard]<br>[PowerOfGodAndAnime's Frisk]<br><small>The opposing Dusclops swapped Abilities with its target!</small><br></div><div class="battle-history">[PowerOfGodAndAnime's Frisk]<br><small>PowerOfGodAndAnime frisked the opposing Dusclops and found its Iron Ball!</small><br></div><div class="spacer battle-history"><br></div><h2 class="battle-history">Turn 2</h2><div class="chat"><small> Superpanchi joined</small></div><div class="chat chatmessage-theoxalchemist"><strong style="color:#9f3bd5"><small class="groupsymbol">☆</small><span class="username">The_OxAlChemist</span>:</strong> <em>My man cooked</em></div><div class="chat"><small> jackstrick321 joined;  Superpanchi left</small></div><div class="spacer battle-history"><br></div><div class="battle-history">kingjulian200 withdrew Dusclops!<br></div><div class="battle-history">kingjulian200 sent out <strong>Bisharp</strong>!<br></div><div class="spacer battle-history"><br></div><div class="battle-history">PowerOfGodAndAnime used <strong>Substitute</strong>!<br></div><div class="battle-history"><small>PowerOfGodAndAnime put in a substitute!</small><br></div><div class="battle-history"><small>(PowerOfGodAndAnime lost 24% of its health!)</small><br></div><div class="spacer battle-history"><br></div><h2 class="battle-history">Turn 3</h2><div class="spacer battle-history"><br></div><div class="battle-history">The opposing Bisharp used <strong>Knock Off</strong>!<br></div><div class="battle-history"><small>It's super effective!</small><br></div><div class="battle-history"><small>PowerOfGodAndAnime's substitute faded!</small><br></div><div class="spacer battle-history"><br></div><div class="battle-history">PowerOfGodAndAnime used <strong>Close Combat</strong>!<br></div><div class="battle-history"><small>It's super effective!</small><br></div><div class="battle-history"><small>(The opposing Bisharp lost 86% of its health!)</small><br></div><div class="battle-history"><small>PowerOfGodAndAnime's Defense fell!</small><br></div><div class="battle-history"><small>PowerOfGodAndAnime's Sp. Def fell!</small><br></div><div class="spacer battle-history"><br></div><h2 class="battle-history">Turn 4</h2><div class="spacer battle-history"><br></div><div class="battle-history">PowerOfGodAndAnime, come back!<br></div><div class="battle-history">Go! MY SUN (<strong>Torkoal</strong>)!<br></div><div class="battle-history">[MY SUN's Drought]<br><small>The sunlight turned harsh!</small><br></div><div class="spacer battle-history"><br></div><div class="battle-history">The opposing Bisharp used <strong>Knock Off</strong>!<br></div><div class="battle-history"><small>(MY SUN lost 36% of its health!)</small><br></div><div class="battle-history"><small>The opposing Bisharp knocked off MY SUN's Heat Rock!</small><br></div><div class="spacer battle-history"><br></div><div class="battle-history"><small>(The sunlight is strong.)</small><br></div><div class="spacer battle-history"><br></div><h2 class="battle-history">Turn 5</h2><div class="spacer battle-history"><br></div><div class="battle-history">The opposing Bisharp used <strong>Throat Chop</strong>!<br></div><div class="battle-history"><small>(MY SUN lost 28% of its health!)</small><br></div><div class="spacer battle-history"><br></div><div class="battle-history">MY SUN used <strong>Earthquake</strong>!<br></div><div class="battle-history"><small>It's super effective!</small><br></div><div class="battle-history"><small>(The opposing Bisharp lost 14% of its health!)</small><br></div><div class="spacer battle-history"><br></div><div class="battle-history">The opposing Bisharp fainted!<br></div><div class="spacer battle-history"><br></div><div class="battle-history"><small>(The sunlight is strong.)</small><br></div><div class="chat chatmessage-theoxalchemist"><strong style="color:#9f3bd5"><small class="groupsymbol">☆</small><span class="username">The_OxAlChemist</span>:</strong> <em>NOT THE SINGING</em></div><div class="spacer battle-history"><br></div><div class="battle-history">kingjulian200 sent out <strong>Aurorus</strong>!<br></div><div class="battle-history">[The opposing Aurorus's Snow Warning]<br><small>It started to snow!</small><br></div><div class="spacer battle-history"><br></div><h2 class="battle-history">Turn 6</h2><div class="spacer battle-history"><br></div><div class="battle-history">MY SUN, come back!<br></div><div class="battle-history">Go! Oscar (<strong>Dachsbun</strong>)!<br></div><div class="spacer battle-history"><br></div><div class="battle-history">The opposing Aurorus used <strong>Aurora Veil</strong>!<br></div><div class="battle-history"><small>Aurora Veil made the opposing team stronger against physical and special moves!</small><br></div><div class="spacer battle-history"><br></div><div class="battle-history"><small>(The snow is falling down.)</small><br></div><div class="spacer battle-history"><br></div><h2 class="battle-history">Turn 7</h2><div class="spacer battle-history"><br></div><div class="battle-history">kingjulian200 withdrew Aurorus!<br></div><div class="battle-history">kingjulian200 sent out <strong>Latias</strong>!<br></div><div class="spacer battle-history"><br></div><div class="battle-history">Oscar used <strong>Body Press</strong>!<br></div><div class="battle-history"><small>It's not very effective...</small><br></div><div class="battle-history"><small>(The opposing Latias lost 6% of its health!)</small><br></div><div class="spacer battle-history"><br></div><div class="battle-history"><small>(The snow is falling down.)</small><br></div><div class="spacer battle-history"><br></div><h2 class="battle-history">Turn 8</h2><div class="spacer battle-history"><br></div><div class="battle-history">The opposing Latias used <strong>Tailwind</strong>!<br></div><div class="battle-history"><small>The Tailwind blew from behind the opposing team!</small><br></div><div class="spacer battle-history"><br></div><div class="battle-history">Oscar used <strong>Crunch</strong>!<br></div><div class="battle-history"><small>It's super effective!</small><br></div><div class="battle-history"><small>(The opposing Latias lost 15% of its health!)</small><br></div><div class="battle-history"><small>(The opposing Latias used its Weakness Policy!)</small><br></div><div class="battle-history"><small>The Weakness Policy sharply raised the opposing Latias's Attack!</small><br></div><div class="battle-history"><small>The Weakness Policy sharply raised the opposing Latias's Sp. Atk!</small><br></div><div class="spacer battle-history"><br></div><div class="battle-history"><small>(The snow is falling down.)</small><br></div><div class="spacer battle-history"><br></div><h2 class="battle-history">Turn 9</h2><div class="chat chatmessage-theoxalchemist"><strong style="color:#9f3bd5"><small class="groupsymbol">☆</small><span class="username">The_OxAlChemist</span>:</strong> <em>Oh God</em></div><div class="chat chatmessage-kingjulian200"><strong style="color:#ab4d21"><small class="groupsymbol">☆</small><span class="username">kingjulian200</span>:</strong> <em>HUGE</em></div><div class="spacer battle-history"><br></div><div class="battle-history">The opposing Latias used <strong>Stored Power</strong>!<br></div><div class="battle-history"><small>(Oscar lost 69% of its health!)</small><br></div><div class="spacer battle-history"><br></div><div class="battle-history">Oscar used <strong>Play Rough</strong>!<br></div><div class="battle-history"><small>It's super effective!</small><br></div><div class="battle-history"><small>(The opposing Latias lost 26% of its health!)</small><br></div><div class="battle-history"><small>The opposing Latias's Attack fell!</small><br></div><div class="spacer battle-history"><br></div><div class="battle-history"><small>(The snow is falling down.)</small><br></div><div class="spacer battle-history"><br></div><h2 class="battle-history">Turn 10</h2><div class="spacer battle-history"><br></div><div class="battle-history">The opposing Latias used <strong>Stored Power</strong>!<br></div><div class="battle-history"><small>(Oscar lost 31% of its health!)</small><br></div><div class="spacer battle-history"><br></div><div class="battle-history">Oscar fainted!<br></div><div class="spacer battle-history"><br></div><div class="battle-history"><small>The snow stopped.</small><br></div><div class="battle-history"><small>The opposing team's Aurora Veil wore off!</small><br></div><div class="spacer battle-history"><br></div><div class="battle-history">Go! MY SUN (<strong>Torkoal</strong>)!<br></div><div class="battle-history">[MY SUN's Drought]<br><small>The sunlight turned harsh!</small><br></div><div class="spacer battle-history"><br></div><h2 class="battle-history">Turn 11</h2><div class="spacer battle-history"><br></div><div class="battle-history">MY SUN, come back!<br></div><div class="battle-history">Go! KitchenGun (<strong>Chi-Yu</strong>)!<br></div><div class="battle-history">[KitchenGun's Beads of Ruin]<br><small>KitchenGun's Beads of Ruin weakened the Sp. Def of all surrounding Pokémon!</small><br></div><div class="spacer battle-history"><br></div><div class="battle-history">The opposing Latias used <strong>Dragon Pulse</strong>!<br></div><div class="battle-history"><small>(KitchenGun lost 85% of its health!)</small><br></div><div class="spacer battle-history"><br></div><div class="battle-history"><small>(The sunlight is strong.)</small><br></div><div class="battle-history"><small>The opposing team's Tailwind petered out!</small><br></div><div class="spacer battle-history"><br></div><h2 class="battle-history">Turn 12</h2><div class="spacer battle-history"><br></div><div class="battle-history">kingjulian200 withdrew Latias!<br></div><div class="battle-history">kingjulian200 sent out <strong>Cinderace</strong>!<br></div><div class="spacer battle-history"><br></div><div class="battle-history">KitchenGun used <strong>Dark Pulse</strong>!<br></div><div class="battle-history"><small>(The opposing Cinderace lost 56% of its health!)</small><br></div><div class="spacer battle-history"><br></div><div class="battle-history"><small>(The sunlight is strong.)</small><br></div><div class="spacer battle-history"><br></div><h2 class="battle-history">Turn 13</h2><div class="spacer battle-history"><br></div><div class="battle-history">KitchenGun used <strong>Dark Pulse</strong>!<br></div><div class="battle-history"><small>(The opposing Cinderace lost 44% of its health!)</small><br></div><div class="spacer battle-history"><br></div><div class="battle-history">The opposing Cinderace fainted!<br></div><div class="spacer battle-history"><br></div><div class="battle-history"><small>(The sunlight is strong.)</small><br></div><div class="chat chatmessage-theoxalchemist"><strong style="color:#9f3bd5"><small class="groupsymbol">☆</small><span class="username">The_OxAlChemist</span>:</strong> <em>I LOVE YOU KITCHEN GUN</em></div><div class="chat chatmessage-theoxalchemist"><strong style="color:#9f3bd5"><small class="groupsymbol">☆</small><span class="username">The_OxAlChemist</span>:</strong> <em>BANG BANG BANG</em></div><div class="spacer battle-history"><br></div><div class="battle-history">kingjulian200 sent out <strong>Aurorus</strong>!<br></div><div class="battle-history">[The opposing Aurorus's Snow Warning]<br><small>It started to snow!</small><br></div><div class="spacer battle-history"><br></div><h2 class="battle-history">Turn 14</h2><div class="spacer battle-history"><br></div><div class="battle-history">KitchenGun, come back!<br></div><div class="battle-history">Go! MY SUN (<strong>Torkoal</strong>)!<br></div><div class="battle-history">[MY SUN's Drought]<br><small>The sunlight turned harsh!</small><br></div><div class="spacer battle-history"><br></div><div class="battle-history">The opposing Aurorus used <strong>Aurora Veil</strong>!<br></div><div class="battle-history"><small>But it failed!</small><br></div><div class="spacer battle-history"><br></div><div class="battle-history"><small>(The sunlight is strong.)</small><br></div><div class="spacer battle-history"><br></div><h2 class="battle-history">Turn 15</h2><div class="chat chatmessage-theoxalchemist"><strong style="color:#9f3bd5"><small class="groupsymbol">☆</small><span class="username">The_OxAlChemist</span>:</strong> <em>YESSSSSS</em></div><div class="spacer battle-history"><br></div><div class="battle-history">kingjulian200 withdrew Aurorus!<br></div><div class="battle-history">kingjulian200 sent out <strong>Latias</strong>!<br></div><div class="spacer battle-history"><br></div><div class="battle-history">MY SUN used <strong>Body Press</strong>!<br></div><div class="battle-history"><small>It's not very effective...</small><br></div><div class="battle-history"><small>(The opposing Latias lost 12% of its health!)</small><br></div><div class="spacer battle-history"><br></div><div class="battle-history"><small>(The sunlight is strong.)</small><br></div><div class="spacer battle-history"><br></div><h2 class="battle-history">Turn 16</h2><div class="spacer battle-history"><br></div><div class="battle-history">MY SUN, come back!<br></div><div class="battle-history">Go! PowerOfGodAndAnime (<strong>Doublade</strong>)!<br></div><div class="spacer battle-history"><br></div><div class="battle-history">The opposing Latias used <strong>Dragon Pulse</strong>!<br></div><div class="battle-history"><small>It's not very effective...</small><br></div><div class="battle-history"><small>(PowerOfGodAndAnime lost 17% of its health!)</small><br></div><div class="spacer battle-history"><br></div><div class="battle-history"><small>(The sunlight is strong.)</small><br></div><div class="spacer battle-history"><br></div><h2 class="battle-history">Turn 17</h2><div class="spacer battle-history"><br></div><div class="battle-history">The opposing Latias used <strong>Tailwind</strong>!<br></div><div class="battle-history"><small>The Tailwind blew from behind the opposing team!</small><br></div><div class="spacer battle-history"><br></div><div class="battle-history">PowerOfGodAndAnime used <strong>Pursuit</strong>!<br></div><div class="battle-history"><small>It's super effective!</small><br></div><div class="battle-history"><small>(The opposing Latias lost 17% of its health!)</small><br></div><div class="spacer battle-history"><br></div><div class="battle-history"><small>(The sunlight is strong.)</small><br></div><div class="spacer battle-history"><br></div><h2 class="battle-history">Turn 18</h2><div class="spacer battle-history"><br></div><div class="battle-history">The opposing Latias used <strong>Draining Kiss</strong>!<br></div><div class="battle-history"><small>It's not very effective...</small><br></div><div class="battle-history"><small>(PowerOfGodAndAnime lost 6% of its health!)</small><br></div><div class="battle-history"><small>PowerOfGodAndAnime had its energy drained!</small><br></div><div class="spacer battle-history"><br></div><div class="battle-history">PowerOfGodAndAnime used <strong>Substitute</strong>!<br></div><div class="battle-history"><small>PowerOfGodAndAnime put in a substitute!</small><br></div><div class="battle-history"><small>(PowerOfGodAndAnime lost 25% of its health!)</small><br></div><div class="spacer battle-history"><br></div><div class="battle-history"><small>The harsh sunlight faded.</small><br></div><div class="spacer battle-history"><br></div><h2 class="battle-history">Turn 19</h2><div class="spacer battle-history"><br></div><div class="battle-history">The opposing Latias used <strong>Dragon Pulse</strong>!<br></div><div class="battle-history"><small>It's not very effective...</small><br></div><div class="battle-history"><small>A critical hit!</small><br></div><div class="battle-history"><small>The substitute took damage for PowerOfGodAndAnime!</small><br></div><div class="spacer battle-history"><br></div><div class="battle-history">PowerOfGodAndAnime used <strong>Toxic</strong>!<br></div><div class="battle-history"><small>The opposing Latias was badly poisoned!</small><br></div><div class="spacer battle-history"><br></div><div class="battle-history"><small>The opposing Latias was hurt by poison!</small><br></div><div class="spacer battle-history"><br></div><h2 class="battle-history">Turn 20</h2><div class="spacer battle-history"><br></div><div class="battle-history">The opposing Latias used <strong>Dragon Pulse</strong>!<br></div><div class="battle-history"><small>It's not very effective...</small><br></div><div class="battle-history"><small>PowerOfGodAndAnime's substitute faded!</small><br></div><div class="spacer battle-history"><br></div><div class="battle-history">PowerOfGodAndAnime used <strong>Pursuit</strong>!<br></div><div class="battle-history"><small>It's super effective!</small><br></div><div class="battle-history"><small>(The opposing Latias lost 17% of its health!)</small><br></div><div class="spacer battle-history"><br></div><div class="battle-history"><small>The opposing Latias was hurt by poison!</small><br></div><div class="spacer battle-history"><br></div><div class="battle-history">The opposing Latias fainted!<br></div><div class="battle-history"><small>The opposing team's Tailwind petered out!</small><br></div><div class="spacer battle-history"><br></div><div class="battle-history">kingjulian200 sent out <strong>Aurorus</strong>!<br></div><div class="battle-history">[The opposing Aurorus's Snow Warning]<br><small>It started to snow!</small><br></div><div class="spacer battle-history"><br></div><h2 class="battle-history">Turn 21</h2><div class="spacer battle-history"><br></div><div class="battle-history"><small>The opposing Aurorus has Terastallized into the Water-type!</small><br></div><div class="spacer battle-history"><br></div><div class="battle-history">The opposing Aurorus used <strong>Blizzard</strong>!<br></div><div class="battle-history"><small>It's not very effective...</small><br></div><div class="battle-history"><small>(PowerOfGodAndAnime lost 21% of its health!)</small><br></div><div class="battle-history"><small>The opposing Aurorus lost some of its HP!</small><br></div><div class="spacer battle-history"><br></div><div class="battle-history">PowerOfGodAndAnime used <strong>Close Combat</strong>!<br></div><div class="battle-history"><small>(The opposing Aurorus lost 23% of its health!)</small><br></div><div class="battle-history"><small>PowerOfGodAndAnime's Defense fell!</small><br></div><div class="battle-history"><small>PowerOfGodAndAnime's Sp. Def fell!</small><br></div><div class="spacer battle-history"><br></div><div class="battle-history"><small>(The snow is falling down.)</small><br></div><div class="spacer battle-history"><br></div><h2 class="battle-history">Turn 22</h2><div class="spacer battle-history"><br></div><div class="battle-history">PowerOfGodAndAnime, come back!<br></div><div class="battle-history">Go! MY SUN (<strong>Torkoal</strong>)!<br></div><div class="battle-history">[MY SUN's Drought]<br><small>The sunlight turned harsh!</small><br></div><div class="spacer battle-history"><br></div><div class="battle-history">The opposing Aurorus used <strong>Freeze-Dry</strong>!<br></div><div class="battle-history"><small>It's not very effective...</small><br></div><div class="battle-history"><small>(MY SUN lost 20% of its health!)</small><br></div><div class="battle-history"><small>The opposing Aurorus lost some of its HP!</small><br></div><div class="spacer battle-history"><br></div><div class="battle-history"><small>(The sunlight is strong.)</small><br></div><div class="spacer battle-history"><br></div><h2 class="battle-history">Turn 23</h2><div class="spacer battle-history"><br></div><div class="battle-history">The opposing Aurorus used <strong>Freeze-Dry</strong>!<br></div><div class="battle-history"><small>It's not very effective...</small><br></div><div class="battle-history"><small>(MY SUN lost 16% of its health!)</small><br></div><div class="spacer battle-history"><br></div><div class="battle-history">MY SUN fainted!<br></div><div class="battle-history"><small>The opposing Aurorus lost some of its HP!</small><br></div><div class="spacer battle-history"><br></div><div class="battle-history"><small>(The sunlight is strong.)</small><br></div><div class="spacer battle-history"><br></div><div class="battle-history">Go! RoaringMid (<strong>Roaring Moon</strong>)!<br></div><div class="battle-history">[RoaringMid's Protosynthesis]<br><small>The harsh sunlight activated RoaringMid's Protosynthesis!</small><br></div><div class="battle-history"><small>RoaringMid's Attack was heightened!</small><br></div><div class="spacer battle-history"><br></div><h2 class="battle-history">Turn 24</h2><div class="spacer battle-history"><br></div><div class="battle-history">kingjulian200 withdrew Aurorus!<br></div><div class="battle-history">kingjulian200 sent out <strong>Dusclops</strong>!<br></div><div class="battle-history">[The opposing Dusclops's Frisk]<br><small>The opposing Dusclops frisked RoaringMid and found its Booster Energy!</small><br></div><div class="spacer battle-history"><br></div><div class="battle-history">RoaringMid used <strong>Knock Off</strong>!<br></div><div class="battle-history"><small>It's super effective!</small><br></div><div class="battle-history"><small>(The opposing Dusclops lost 100% of its health!)</small><br></div><div class="battle-history"><small>RoaringMid knocked off the opposing Dusclops's Iron Ball!</small><br></div><div class="spacer battle-history"><br></div><div class="battle-history">The opposing Dusclops fainted!<br></div><div class="spacer battle-history"><br></div><div class="battle-history"><small>(The sunlight is strong.)</small><br></div><div class="chat chatmessage-theoxalchemist"><strong style="color:#9f3bd5"><small class="groupsymbol">☆</small><span class="username">The_OxAlChemist</span>:</strong> <em>Bye Dusclops</em></div><div class="spacer battle-history"><br></div><div class="battle-history">kingjulian200 sent out Urshifu (<strong>Urshifu-Rapid-Strike</strong>)!<br></div><div class="spacer battle-history"><br></div><h2 class="battle-history">Turn 25</h2><div class="spacer battle-history"><br></div><div class="battle-history">The opposing Urshifu used <strong>U-turn</strong>!<br></div><div class="battle-history"><small>It's super effective!</small><br></div><div class="battle-history"><small>(RoaringMid lost 59% of its health!)</small><br></div><div class="spacer battle-history"><br></div><div class="battle-history">The opposing Urshifu went back to kingjulian200!<br></div><div class="battle-history">kingjulian200 sent out <strong>Aurorus</strong>!<br></div><div class="battle-history">[The opposing Aurorus's Snow Warning]<br><small>It started to snow!</small><br></div><div class="battle-history"><small>The effects of RoaringMid's Protosynthesis wore off!</small><br></div><div class="battle-history"><small>(RoaringMid used its Booster Energy!)</small><br></div><div class="battle-history">[RoaringMid's Protosynthesis]<br><small>RoaringMid used its Booster Energy to activate Protosynthesis!</small><br></div><div class="battle-history"><small>RoaringMid's Attack was heightened!</small><br></div><div class="spacer battle-history"><br></div><div class="battle-history">RoaringMid used <strong>Acrobatics</strong>!<br></div><div class="battle-history"><small>(The opposing Aurorus lost 44% of its health!)</small><br></div><div class="spacer battle-history"><br></div><div class="battle-history"><small>(The snow is falling down.)</small><br></div><div class="spacer battle-history"><br></div><h2 class="battle-history">Turn 26</h2><div class="spacer battle-history"><br></div><div class="battle-history">RoaringMid used <strong>Acrobatics</strong>!<br></div><div class="battle-history"><small>(The opposing Aurorus lost 3% of its health!)</small><br></div><div class="spacer battle-history"><br></div><div class="battle-history">The opposing Aurorus fainted!<br></div><div class="spacer battle-history"><br></div><div class="battle-history"><small>(The snow is falling down.)</small><br></div><div class="spacer battle-history"><br></div><div class="battle-history">kingjulian200 sent out Urshifu (<strong>Urshifu-Rapid-Strike</strong>)!<br></div><div class="spacer battle-history"><br></div><h2 class="battle-history">Turn 27</h2><div class="spacer battle-history"><br></div><div class="battle-history">RoaringMid, come back!<br></div><div class="battle-history">Go! PowerOfGodAndAnime (<strong>Doublade</strong>)!<br></div><div class="spacer battle-history"><br></div><div class="battle-history">The opposing Urshifu used <strong>Surging Strikes</strong>!<br></div><div class="battle-history"><small>A critical hit!</small><br></div><div class="battle-history"><small>(PowerOfGodAndAnime lost 7% of its health!)</small><br></div><div class="spacer battle-history"><br></div><div class="battle-history">PowerOfGodAndAnime fainted!<br></div><div class="battle-history"><small>The Pokémon was hit 1 time!</small><br></div><div class="spacer battle-history"><br></div><div class="battle-history"><small>(The snow is falling down.)</small><br></div><div class="spacer battle-history"><br></div><div class="battle-history">Go! KitchenGun (<strong>Chi-Yu</strong>)!<br></div><div class="battle-history">[KitchenGun's Beads of Ruin]<br><small>KitchenGun's Beads of Ruin weakened the Sp. Def of all surrounding Pokémon!</small><br></div><div class="spacer battle-history"><br></div><h2 class="battle-history">Turn 28</h2><div class="spacer battle-history"><br></div><div class="battle-history">The opposing Urshifu used <strong>Surging Strikes</strong>!<br></div><div class="battle-history"><small>It's super effective!</small><br></div><div class="battle-history"><small>A critical hit!</small><br></div><div class="battle-history"><small>(KitchenGun lost 15% of its health!)</small><br></div><div class="spacer battle-history"><br></div><div class="battle-history">KitchenGun fainted!<br></div><div class="battle-history"><small>The Pokémon was hit 1 time!</small><br></div><div class="spacer battle-history"><br></div><div class="battle-history"><small>(The snow is falling down.)</small><br></div><div class="chat chatmessage-theoxalchemist"><strong style="color:#9f3bd5"><small class="groupsymbol">☆</small><span class="username">The_OxAlChemist</span>:</strong> <em>We may have a slight problem</em></div><div class="spacer battle-history"><br></div><div class="battle-history">Go! RoaringMid (<strong>Roaring Moon</strong>)!<br></div><div class="spacer battle-history"><br></div><h2 class="battle-history">Turn 29</h2><div class="spacer battle-history"><br></div><div class="battle-history">The opposing Urshifu used <strong>Surging Strikes</strong>!<br></div><div class="battle-history"><small>A critical hit!</small><br></div><div class="battle-history"><small>(RoaringMid lost 39% of its health!)</small><br></div><div class="battle-history"><small>IdentityTheft's illusion wore off!</small><br></div><div class="battle-history"><small>A critical hit!</small><br></div><div class="battle-history"><small>(IdentityTheft lost 36% of its health!)</small><br></div><div class="battle-history"><small>A critical hit!</small><br></div><div class="battle-history"><small>(IdentityTheft lost 25% of its health!)</small><br></div><div class="spacer battle-history"><br></div><div class="battle-history">IdentityTheft fainted!<br></div><div class="battle-history"><small>The Pokémon was hit 3 times!</small><br></div><div class="spacer battle-history"><br></div><div class="battle-history"><small>The snow stopped.</small><br></div><div class="spacer battle-history"><br></div><div class="battle-history">Go! RoaringMid (<strong>Roaring Moon</strong>)!<br></div><div class="spacer battle-history"><br></div><h2 class="battle-history">Turn 30</h2><div class="spacer battle-history"><br></div><div class="battle-history">The opposing Urshifu used <strong>Surging Strikes</strong>!<br></div><div class="battle-history"><small>It's not very effective...</small><br></div><div class="battle-history"><small>A critical hit!</small><br></div><div class="battle-history"><small>(RoaringMid lost 11% of its health!)</small><br></div><div class="battle-history"><small>It's not very effective...</small><br></div><div class="battle-history"><small>A critical hit!</small><br></div><div class="battle-history"><small>(RoaringMid lost 12% of its health!)</small><br></div><div class="battle-history"><small>It's not very effective...</small><br></div><div class="battle-history"><small>A critical hit!</small><br></div><div class="battle-history"><small>(RoaringMid lost 12% of its health!)</small><br></div><div class="battle-history"><small>The Pokémon was hit 3 times!</small><br></div><div class="spacer battle-history"><br></div><div class="battle-history">RoaringMid used <strong>Acrobatics</strong>!<br></div><div class="battle-history"><small>It's super effective!</small><br></div><div class="battle-history"><small>(The opposing Urshifu lost 81% of its health!)</small><br></div><div class="spacer battle-history"><br></div><h2 class="battle-history">Turn 31</h2><div class="chat chatmessage-theoxalchemist"><strong style="color:#9f3bd5"><small class="groupsymbol">☆</small><span class="username">The_OxAlChemist</span>:</strong> <em>FUCK</em></div><div class="chat chatmessage-theoxalchemist"><strong style="color:#9f3bd5"><small class="groupsymbol">☆</small><span class="username">The_OxAlChemist</span>:</strong> <em>GG</em></div><div class="chat chatmessage-kingjulian200"><strong style="color:#ab4d21"><small class="groupsymbol">☆</small><span class="username">kingjulian200</span>:</strong> <em>GG</em></div><div class="spacer battle-history"><br></div><div class="battle-history">The opposing Urshifu used <strong>Surging Strikes</strong>!<br></div><div class="battle-history"><small>It's not very effective...</small><br></div><div class="battle-history"><small>A critical hit!</small><br></div><div class="battle-history"><small>(RoaringMid lost 6% of its health!)</small><br></div><div class="spacer battle-history"><br></div><div class="battle-history">RoaringMid fainted!<br></div><div class="battle-history"><small>The Pokémon was hit 1 time!</small><br></div><div class="spacer battle-history"><br></div><div class="battle-history"><strong>kingjulian200</strong> won the battle!<br></div><div class="chat chatmessage-theoxalchemist"><strong style="color:#9f3bd5"><small class="groupsymbol">☆</small><span class="username">The_OxAlChemist</span>:</strong> <em>Can you upload?</em></div><div class="chat chatmessage-kingjulian200"><strong style="color:#ab4d21"><small class="groupsymbol">☆</small><span class="username">kingjulian200</span>:</strong> <em>will do</em></div><div class="chat chatmessage-theoxalchemist"><strong style="color:#9f3bd5"><small class="groupsymbol">☆</small><span class="username">The_OxAlChemist</span>:</strong> <em>Really good game</em></div><div class="chat chatmessage-kingjulian200"><strong style="color:#ab4d21"><small class="groupsymbol">☆</small><span class="username">kingjulian200</span>:</strong> <em>well played</em></div><div class="chat chatmessage-theoxalchemist"><strong style="color:#9f3bd5"><small class="groupsymbol">☆</small><span class="username">The_OxAlChemist</span>:</strong> <em>Best of luck in all the rest</em></div><div class="chat chatmessage-kingjulian200"><strong style="color:#ab4d21"><small class="groupsymbol">☆</small><span class="username">kingjulian200</span>:</strong> <em>you too!</em></div><div class="chat chatmessage-kingjulian200"><strong style="color:#ab4d21"><small class="groupsymbol">☆</small><span class="username">kingjulian200</span>:</strong> <em>:D</em></div><div class="chat chatmessage-theoxalchemist"><strong style="color:#9f3bd5"><small class="groupsymbol">☆</small><span class="username">The_OxAlChemist</span>:</strong> <em>You too!</em></div><div class="chat chatmessage-theoxalchemist"><strong style="color:#9f3bd5"><small class="groupsymbol">☆</small><span class="username">The_OxAlChemist</span>:</strong> <em>See you!</em></div></div><div class="inner-preempt message-log"></div></div></div>
</div>
<script>
let daily = Math.floor(Date.now()/1000/60/60/24);document.write('<script src="https://play.pokemonshowdown.com/js/replay-embed.js?version'+daily+'"></'+'script>');
</script>
