<!DOCTYPE html>
<meta charset="utf-8" />
<!-- version 1 -->
<title>[Gen 9] NatDex Draft replay: Artman_Shan vs. PokeStee</title>
<style>
html,body {font-family:Verdana, sans-serif;font-size:10pt;margin:0;padding:0;}body{padding:12px 0;} .battle-log {font-family:Verdana, sans-serif;font-size:10pt;} .battle-log-inline {border:1px solid #AAAAAA;background:#EEF2F5;color:black;max-width:640px;margin:0 auto 80px;padding-bottom:5px;} .battle-log .inner {padding:4px 8px 0px 8px;} .battle-log .inner-preempt {padding:0 8px 4px 8px;} .battle-log .inner-after {margin-top:0.5em;} .battle-log h2 {margin:0.5em -8px;padding:4px 8px;border:1px solid #AAAAAA;background:#E0E7EA;border-left:0;border-right:0;font-family:Verdana, sans-serif;font-size:13pt;} .battle-log .chat {vertical-align:middle;padding:3px 0 3px 0;font-size:8pt;} .battle-log .chat strong {color:#40576A;} .battle-log .chat em {padding:1px 4px 1px 3px;color:#000000;font-style:normal;} .chat.mine {background:rgba(0,0,0,0.05);margin-left:-8px;margin-right:-8px;padding-left:8px;padding-right:8px;} .spoiler {color:#BBBBBB;background:#BBBBBB;padding:0px 3px;} .spoiler:hover, .spoiler:active, .spoiler-shown {color:#000000;background:#E2E2E2;padding:0px 3px;} .spoiler a {color:#BBBBBB;} .spoiler:hover a, .spoiler:active a, .spoiler-shown a {color:#2288CC;} .chat code, .chat .spoiler:hover code, .chat .spoiler:active code, .chat .spoiler-shown code {border:1px solid #C0C0C0;background:#EEEEEE;color:black;padding:0 2px;} .chat .spoiler code {border:1px solid #CCCCCC;background:#CCCCCC;color:#CCCCCC;} .battle-log .rated {padding:3px 4px;} .battle-log .rated strong {color:white;background:#89A;padding:1px 4px;border-radius:4px;} .spacer {margin-top:0.5em;} .message-announce {background:#6688AA;color:white;padding:1px 4px 2px;} .message-announce a, .broadcast-green a, .broadcast-blue a, .broadcast-red a {color:#DDEEFF;} .broadcast-green {background-color:#559955;color:white;padding:2px 4px;} .broadcast-blue {background-color:#6688AA;color:white;padding:2px 4px;} .infobox {border:1px solid #6688AA;padding:2px 4px;} .infobox-limited {max-height:200px;overflow:auto;overflow-x:hidden;} .broadcast-red {background-color:#AA5544;color:white;padding:2px 4px;} .message-learn-canlearn {font-weight:bold;color:#228822;text-decoration:underline;} .message-learn-cannotlearn {font-weight:bold;color:#CC2222;text-decoration:underline;} .message-effect-weak {font-weight:bold;color:#CC2222;} .message-effect-resist {font-weight:bold;color:#6688AA;} .message-effect-immune {font-weight:bold;color:#666666;} .message-learn-list {margin-top:0;margin-bottom:0;} .message-throttle-notice, .message-error {color:#992222;} .message-overflow, .chat small.message-overflow {font-size:0pt;} .message-overflow::before {font-size:9pt;content:'...';} .subtle {color:#3A4A66;}
</style>
<div class="wrapper replay-wrapper" style="max-width:1180px;margin:0 auto">
<input type="hidden" name="replayid" value="gen9natdexdraft-2369598588" />
<div class="battle"></div><div class="battle-log"></div><div class="replay-controls"></div><div class="replay-controls-2"></div>
<h1 style="font-weight:normal;text-align:center"><strong>[Gen 9] NatDex Draft</strong><br /><a href="http://pokemonshowdown.com/users/artmanshan" class="subtle" target="_blank">Artman_Shan</a> vs. <a href="http://pokemonshowdown.com/users/pokestee" class="subtle" target="_blank">PokeStee</a></h1>
<script type="text/plain" class="battle-log-data">
|j|☆Artman_Shan
|j|☆PokeStee
|t:|1747929062
|gametype|singles
|player|p1|Artman_Shan|1|
|player|p2|PokeStee|steven|
|teamsize|p1|6
|teamsize|p2|6
|gen|9
|tier|[Gen 9] NatDex Draft
|rule|Sleep Clause Mod: Limit one foe put to sleep
|rule|OHKO Clause: OHKO moves are banned
|rule|Evasion Clause: Evasion abilities, items, and moves are banned
|rule|Evasion Abilities Clause: Evasion abilities are banned
|rule|Evasion Items Clause: Evasion items are banned
|rule|Evasion Moves Clause: Evasion moves are banned
|rule|Endless Battle Clause: Forcing endless battles is banned
|rule|HP Percentage Mod: HP is shown in percentages
|clearpoke
|poke|p1|Tapu Koko|
|poke|p1|Gastrodon, F|
|poke|p1|Zapdos-Galar|
|poke|p1|Celesteela|
|poke|p1|Blastoise, F|
|poke|p1|Ribombee, M|
|poke|p2|Raging Bolt|
|poke|p2|Tornadus-Therian, M|
|poke|p2|Latias, F|
|poke|p2|Weavile, M|
|poke|p2|Garganacl, M|
|poke|p2|Empoleon, M|
|teampreview
|c|☆PokeStee|glhf!
|c|☆Artman_Shan|Glhf
|
|t:|1747929098
|start
|switch|p1a: Ribombee|Ribombee, M|100\/100
|switch|p2a: Baja Blast|Empoleon, M, shiny|100\/100
|turn|1
|
|t:|1747929106
|move|p1a: Ribombee|Stun Spore|p2a: Baja Blast|[miss]
|-miss|p1a: Ribombee|p2a: Baja Blast
|move|p2a: Baja Blast|Stealth Rock|p1a: Ribombee
|-sidestart|p1: Artman_Shan|move: Stealth Rock
|
|upkeep
|turn|2
|
|t:|1747929114
|move|p1a: Ribombee|Sticky Web|p2a: Baja Blast
|-sidestart|p2: PokeStee|move: Sticky Web
|move|p2a: Baja Blast|Flip Turn|p1a: Ribombee
|-damage|p1a: Ribombee|65\/100
|
|t:|1747929138
|switch|p2a: Doritos|Garganacl, M, shiny|100\/100|[from] Flip Turn
|-activate|p2a: Doritos|move: Sticky Web
|-unboost|p2a: Doritos|spe|1
|
|upkeep
|turn|3
|
|t:|1747929147
|move|p1a: Ribombee|Energy Ball|p2a: Doritos
|-supereffective|p2a: Doritos
|-damage|p2a: Doritos|68\/100
|-unboost|p2a: Doritos|spd|1
|move|p2a: Doritos|Curse|p2a: Doritos
|-unboost|p2a: Doritos|spe|1
|-boost|p2a: Doritos|atk|1
|-boost|p2a: Doritos|def|1
|
|-heal|p2a: Doritos|75\/100|[from] item: Leftovers
|upkeep
|turn|4
|
|t:|1747929158
|move|p1a: Ribombee|Stun Spore|p2a: Doritos
|-immune|p2a: Doritos|[from] ability: Purifying Salt
|move|p2a: Doritos|Salt Cure|p1a: Ribombee
|-supereffective|p1a: Ribombee
|-damage|p1a: Ribombee|0 fnt
|faint|p1a: Ribombee
|
|-heal|p2a: Doritos|81\/100|[from] item: Leftovers
|upkeep
|
|t:|1747929174
|switch|p1a: Blastoise|Blastoise, F|100\/100
|-damage|p1a: Blastoise|88\/100|[from] Stealth Rock
|turn|5
|
|t:|1747929197
|switch|p2a: Livewire|Raging Bolt|100\/100
|-activate|p2a: Livewire|move: Sticky Web
|-unboost|p2a: Livewire|spe|1
|-enditem|p2a: Livewire|Booster Energy
|-activate|p2a: Livewire|ability: Protosynthesis|[fromitem]
|-start|p2a: Livewire|protosynthesisspa
|detailschange|p1a: Blastoise|Blastoise-Mega, F
|-mega|p1a: Blastoise|Blastoise|Blastoisinite
|move|p1a: Blastoise|Aura Sphere|p2a: Livewire
|-damage|p2a: Livewire|56\/100
|
|upkeep
|turn|6
|
|t:|1747929224
|switch|p1a: Gastrodon|Gastrodon, F|100\/100
|-damage|p1a: Gastrodon|94\/100|[from] Stealth Rock
|move|p2a: Livewire|Thunderclap||[still]
|-fail|p2a: Livewire
|
|-heal|p1a: Gastrodon|100\/100|[from] item: Leftovers
|upkeep
|turn|7
|
|t:|1747929249
|-end|p2a: Livewire|Protosynthesis|[silent]
|switch|p2a: Mtn Dew|Tornadus-Therian, M, shiny|100\/100
|move|p1a: Gastrodon|Ice Beam|p2a: Mtn Dew
|-supereffective|p2a: Mtn Dew
|-damage|p2a: Mtn Dew|76\/100
|
|upkeep
|turn|8
|
|t:|1747929258
|move|p2a: Mtn Dew|Knock Off|p1a: Gastrodon
|-damage|p1a: Gastrodon|80\/100
|-enditem|p1a: Gastrodon|Leftovers|[from] move: Knock Off|[of] p2a: Mtn Dew
|move|p1a: Gastrodon|Ice Beam|p2a: Mtn Dew
|-supereffective|p2a: Mtn Dew
|-damage|p2a: Mtn Dew|50\/100
|
|upkeep
|turn|9
|
|t:|1747929267
|move|p2a: Mtn Dew|Bleakwind Storm|p1a: Gastrodon|[miss]
|-miss|p2a: Mtn Dew|p1a: Gastrodon
|move|p1a: Gastrodon|Ice Beam|p2a: Mtn Dew
|-supereffective|p2a: Mtn Dew
|-damage|p2a: Mtn Dew|23\/100
|-status|p2a: Mtn Dew|frz
|
|upkeep
|turn|10
|c|☆PokeStee|ouch
|
|t:|1747929292
|switch|p2a: Voo-Dew|Weavile, M, shiny|100\/100
|-ability|p2a: Voo-Dew|Pressure
|move|p1a: Gastrodon|Earth Power|p2a: Voo-Dew
|-damage|p2a: Voo-Dew|60\/100
|
|upkeep
|turn|11
|
|t:|1747929319
|move|p2a: Voo-Dew|Triple Axel|p1a: Gastrodon
|-damage|p1a: Gastrodon|69\/100
|-crit|p1a: Gastrodon
|-damage|p1a: Gastrodon|36\/100
|-damage|p1a: Gastrodon|4\/100
|-hitcount|p1a: Gastrodon|3
|move|p1a: Gastrodon|Earth Power|p2a: Voo-Dew
|-damage|p2a: Voo-Dew|16\/100
|
|upkeep
|turn|12
|
|t:|1747929340
|switch|p1a: Blastoise|Blastoise-Mega, F|88\/100
|-damage|p1a: Blastoise|76\/100|[from] Stealth Rock
|move|p2a: Voo-Dew|Knock Off|p1a: Blastoise
|-damage|p1a: Blastoise|51\/100
|
|upkeep
|turn|13
|
|t:|1747929399
|switch|p2a: Mtn Dew|Tornadus-Therian, M, shiny|56\/100 frz
|move|p1a: Blastoise|Rapid Spin|p2a: Mtn Dew
|-damage|p2a: Mtn Dew|45\/100 frz
|-boost|p1a: Blastoise|spe|1
|-sideend|p1: Artman_Shan|Stealth Rock|[from] move: Rapid Spin|[of] p1a: Blastoise
|
|upkeep
|turn|14
|
|t:|1747929412
|cant|p2a: Mtn Dew|frz
|move|p1a: Blastoise|Water Pulse|p2a: Mtn Dew
|-damage|p2a: Mtn Dew|11\/100 frz
|
|upkeep
|turn|15
|
|t:|1747929418
|-curestatus|p2a: Mtn Dew|frz|[msg]
|move|p2a: Mtn Dew|Bleakwind Storm|p1a: Blastoise|[miss]
|-miss|p2a: Mtn Dew|p1a: Blastoise
|move|p1a: Blastoise|Rapid Spin|p2a: Mtn Dew
|-damage|p2a: Mtn Dew|0 fnt
|-boost|p1a: Blastoise|spe|1
|faint|p2a: Mtn Dew
|
|upkeep
|c|☆PokeStee|ahhhh
|
|t:|1747929431
|switch|p2a: Code Red|Latias, F|100\/100
|turn|16
|
|t:|1747929440
|move|p2a: Code Red|Draco Meteor|p1a: Blastoise
|-damage|p1a: Blastoise|0 fnt
|-unboost|p2a: Code Red|spa|2
|faint|p1a: Blastoise
|detailschange|p1: Blastoise|Blastoise, F|[silent]
|
|upkeep
|
|t:|1747929469
|switch|p1a: Tapu Koko|Tapu Koko|100\/100
|-fieldstart|move: Electric Terrain|[from] ability: Electric Surge|[of] p1a: Tapu Koko
|turn|17
|
|t:|1747929554
|switch|p2a: Voo-Dew|Weavile, M, shiny|16\/100
|-ability|p2a: Voo-Dew|Pressure
|move|p1a: Tapu Koko|Grass Knot|p2a: Voo-Dew
|-damage|p2a: Voo-Dew|0 fnt
|faint|p2a: Voo-Dew
|
|upkeep
|
|t:|1747929561
|switch|p2a: Livewire|Raging Bolt|56\/100
|-activate|p2a: Livewire|move: Sticky Web
|-unboost|p2a: Livewire|spe|1
|turn|18
|j| supermarcel13
|l| supermarcel13
|
|t:|1747929577
|move|p2a: Livewire|Thunderclap|p1a: Tapu Koko
|-resisted|p1a: Tapu Koko
|-damage|p1a: Tapu Koko|57\/100
|move|p1a: Tapu Koko|Grass Knot|p2a: Livewire
|-resisted|p2a: Livewire
|-damage|p2a: Livewire|32\/100
|
|upkeep
|turn|19
|
|t:|1747929597
|switch|p1a: Gastrodon|Gastrodon, F|4\/100
|-end|p2a: Livewire|Protosynthesis|[silent]
|switch|p2a: Doritos|Garganacl, M, shiny|81\/100
|-activate|p2a: Doritos|move: Sticky Web
|-unboost|p2a: Doritos|spe|1
|
|-heal|p2a: Doritos|87\/100|[from] item: Leftovers
|upkeep
|turn|20
|
|t:|1747929638
|move|p1a: Gastrodon|Recover|p1a: Gastrodon
|-heal|p1a: Gastrodon|54\/100
|move|p2a: Doritos|Curse|p2a: Doritos
|-unboost|p2a: Doritos|spe|1
|-boost|p2a: Doritos|atk|1
|-boost|p2a: Doritos|def|1
|
|-heal|p2a: Doritos|93\/100|[from] item: Leftovers
|upkeep
|turn|21
|
|t:|1747929650
|move|p1a: Gastrodon|Clear Smog|p2a: Doritos
|-resisted|p2a: Doritos
|-damage|p2a: Doritos|89\/100
|-clearboost|p2a: Doritos
|move|p2a: Doritos|Salt Cure|p1a: Gastrodon
|-resisted|p1a: Gastrodon
|-damage|p1a: Gastrodon|46\/100
|-start|p1a: Gastrodon|Salt Cure
|
|-heal|p2a: Doritos|96\/100|[from] item: Leftovers
|-damage|p1a: Gastrodon|21\/100|[from] Salt Cure
|-fieldend|move: Electric Terrain
|upkeep
|turn|22
|
|t:|1747929666
|move|p1a: Gastrodon|Earth Power|p2a: Doritos
|-supereffective|p2a: Doritos
|-damage|p2a: Doritos|53\/100
|move|p2a: Doritos|Earthquake|p1a: Gastrodon
|-damage|p1a: Gastrodon|0 fnt
|faint|p1a: Gastrodon
|
|-heal|p2a: Doritos|60\/100|[from] item: Leftovers
|upkeep
|
|t:|1747929693
|switch|p1a: Zapdos|Zapdos-Galar|100\/100
|turn|23
|
|t:|1747929705
|move|p1a: Zapdos|Thunderous Kick|p2a: Doritos
|-supereffective|p2a: Doritos
|-damage|p2a: Doritos|1\/100
|-unboost|p2a: Doritos|def|1
|move|p2a: Doritos|Salt Cure|p1a: Zapdos
|-damage|p1a: Zapdos|85\/100
|-start|p1a: Zapdos|Salt Cure
|
|-heal|p2a: Doritos|7\/100|[from] item: Leftovers
|-damage|p1a: Zapdos|73\/100|[from] Salt Cure
|upkeep
|turn|24
|
|t:|1747929721
|switch|p2a: Livewire|Raging Bolt|32\/100
|-activate|p2a: Livewire|move: Sticky Web
|-unboost|p2a: Livewire|spe|1
|move|p1a: Zapdos|Thunderous Kick|p2a: Livewire
|-damage|p2a: Livewire|0 fnt
|faint|p2a: Livewire
|-end|p2a: Livewire|Protosynthesis|[silent]
|
|-damage|p1a: Zapdos|60\/100|[from] Salt Cure
|upkeep
|
|t:|1747929732
|switch|p2a: Code Red|Latias, F|100\/100
|turn|25
|
|t:|1747929742
|switch|p1a: Celesteela|Celesteela|100\/100
|move|p2a: Code Red|Draco Meteor|p1a: Celesteela
|-resisted|p1a: Celesteela
|-damage|p1a: Celesteela|82\/100
|-unboost|p2a: Code Red|spa|2
|
|-heal|p1a: Celesteela|88\/100|[from] item: Leftovers
|upkeep
|turn|26
|
|t:|1747929758
|switch|p2a: Baja Blast|Empoleon, M, shiny|100\/100
|move|p1a: Celesteela|Heavy Slam|p2a: Baja Blast
|-resisted|p2a: Baja Blast
|-damage|p2a: Baja Blast|91\/100
|
|-heal|p1a: Celesteela|94\/100|[from] item: Leftovers
|upkeep
|turn|27
|
|t:|1747929772
|move|p1a: Celesteela|Protect|p1a: Celesteela
|-singleturn|p1a: Celesteela|Protect
|move|p2a: Baja Blast|Stealth Rock|p1a: Celesteela
|-sidestart|p1: Artman_Shan|move: Stealth Rock
|
|-heal|p1a: Celesteela|100\/100|[from] item: Leftovers
|upkeep
|turn|28
|
|t:|1747929782
|move|p1a: Celesteela|Earthquake|p2a: Baja Blast
|-supereffective|p2a: Baja Blast
|-damage|p2a: Baja Blast|39\/100
|move|p2a: Baja Blast|Ice Beam|p1a: Celesteela
|-damage|p1a: Celesteela|87\/100
|
|-heal|p1a: Celesteela|93\/100|[from] item: Leftovers
|upkeep
|turn|29
|
|t:|1747929800
|move|p1a: Celesteela|Protect|p1a: Celesteela
|-singleturn|p1a: Celesteela|Protect
|move|p2a: Baja Blast|Ice Beam|p1a: Celesteela
|-activate|p1a: Celesteela|move: Protect
|
|-heal|p1a: Celesteela|99\/100|[from] item: Leftovers
|upkeep
|turn|30
|
|t:|1747929812
|move|p1a: Celesteela|Earthquake|p2a: Baja Blast
|-supereffective|p2a: Baja Blast
|-damage|p2a: Baja Blast|0 fnt
|faint|p2a: Baja Blast
|-ability|p1a: Celesteela|Beast Boost|boost
|-boost|p1a: Celesteela|spd|1
|
|-heal|p1a: Celesteela|100\/100|[from] item: Leftovers
|upkeep
|
|t:|1747929824
|switch|p2a: Doritos|Garganacl, M, shiny|7\/100
|-activate|p2a: Doritos|move: Sticky Web
|-unboost|p2a: Doritos|spe|1
|turn|31
|
|t:|1747929832
|move|p1a: Celesteela|Protect|p1a: Celesteela
|-singleturn|p1a: Celesteela|Protect
|move|p2a: Doritos|Recover|p2a: Doritos
|-heal|p2a: Doritos|57\/100
|
|-heal|p2a: Doritos|64\/100|[from] item: Leftovers
|upkeep
|turn|32
|
|t:|1747929845
|move|p1a: Celesteela|Earthquake|p2a: Doritos
|-supereffective|p2a: Doritos
|-crit|p2a: Doritos
|-damage|p2a: Doritos|15\/100
|move|p2a: Doritos|Salt Cure|p1a: Celesteela
|-damage|p1a: Celesteela|90\/100
|-start|p1a: Celesteela|Salt Cure
|
|-heal|p1a: Celesteela|96\/100|[from] item: Leftovers
|-heal|p2a: Doritos|21\/100|[from] item: Leftovers
|-damage|p1a: Celesteela|72\/100|[from] Salt Cure
|upkeep
|turn|33
|
|t:|1747929854
|move|p1a: Celesteela|Earthquake|p2a: Doritos
|-supereffective|p2a: Doritos
|-damage|p2a: Doritos|0 fnt
|faint|p2a: Doritos
|-ability|p1a: Celesteela|Beast Boost|boost
|-boost|p1a: Celesteela|spd|1
|
|-heal|p1a: Celesteela|78\/100|[from] item: Leftovers
|-damage|p1a: Celesteela|53\/100|[from] Salt Cure
|upkeep
|
|t:|1747929862
|switch|p2a: Code Red|Latias, F|100\/100
|turn|34
|
|t:|1747929878
|move|p2a: Code Red|Psychic|p1a: Celesteela
|-resisted|p1a: Celesteela
|-damage|p1a: Celesteela|46\/100
|move|p1a: Celesteela|Heavy Slam|p2a: Code Red
|-damage|p2a: Code Red|53\/100
|
|-heal|p1a: Celesteela|52\/100|[from] item: Leftovers
|-damage|p1a: Celesteela|27\/100|[from] Salt Cure
|upkeep
|turn|35
|
|t:|1747929887
|move|p2a: Code Red|Psychic|p1a: Celesteela
|-resisted|p1a: Celesteela
|-damage|p1a: Celesteela|19\/100
|move|p1a: Celesteela|Heavy Slam|p2a: Code Red
|-damage|p2a: Code Red|3\/100
|
|-heal|p1a: Celesteela|25\/100|[from] item: Leftovers
|-damage|p1a: Celesteela|0 fnt|[from] Salt Cure
|faint|p1a: Celesteela
|upkeep
|
|t:|1747929901
|switch|p1a: Zapdos|Zapdos-Galar|60\/100
|-damage|p1a: Zapdos|48\/100|[from] Stealth Rock
|turn|36
|
|t:|1747929906
|move|p2a: Code Red|Psychic|p1a: Zapdos
|-supereffective|p1a: Zapdos
|-damage|p1a: Zapdos|0 fnt
|faint|p1a: Zapdos
|
|upkeep
|
|t:|1747929912
|switch|p1a: Tapu Koko|Tapu Koko|57\/100
|-damage|p1a: Tapu Koko|44\/100|[from] Stealth Rock
|-fieldstart|move: Electric Terrain|[from] ability: Electric Surge|[of] p1a: Tapu Koko
|turn|37
|
|t:|1747929920
|move|p2a: Code Red|Psychic|p1a: Tapu Koko
|-damage|p1a: Tapu Koko|0 fnt
|faint|p1a: Tapu Koko
|
|win|PokeStee
|c|☆PokeStee|god damn
|c|☆PokeStee|gg!!
|c|☆PokeStee|that was a good one
|c|☆Artman_Shan|gg

</script>
</div>
<div class="battle-log battle-log-inline"><div class="inner"><div class="battle-options"></div><div class="inner message-log"><div class="chat"><small>☆Artman_Shan and ☆PokeStee joined</small></div><div class=""><small>Format:</small> <br><strong>[Gen 9] NatDex Draft</strong></div><div class=""><small><em>Sleep Clause Mod:</em> Limit one foe put to sleep</small></div><div class=""><small><em>OHKO Clause:</em> OHKO moves are banned</small></div><div class=""><small><em>Evasion Clause:</em> Evasion abilities, items, and moves are banned</small></div><div class=""><small><em>Evasion Abilities Clause:</em> Evasion abilities are banned</small></div><div class=""><small><em>Evasion Items Clause:</em> Evasion items are banned</small></div><div class=""><small><em>Evasion Moves Clause:</em> Evasion moves are banned</small></div><div class=""><small><em>Endless Battle Clause:</em> Forcing endless battles is banned</small></div><div class=""><small><em>HP Percentage Mod:</em> HP is shown in percentages</small></div><div class="chat battle-history"><strong>Artman_Shan's team:</strong> <em style="color:#445566;display:block;">Tapu Koko / Gastrodon / Zapdos-Galar / Celesteela / Blastoise / Ribombee</em></div><div class="chat battle-history"><strong>PokeStee's team:</strong> <em style="color:#445566;display:block;">Raging Bolt / Tornadus-Therian / Latias / Weavile / Garganacl / Empoleon</em></div><div class="chat chatmessage-pokestee"><strong style="color:#a541ca"><small class="groupsymbol">☆</small><span class="username">PokeStee</span>:</strong> <em>glhf!</em></div><div class="chat chatmessage-artmanshan"><strong style="color:#cc2eb9"><small class="groupsymbol">☆</small><span class="username">Artman_Shan</span>:</strong> <em>Glhf</em></div><div class="spacer battle-history"><br></div><div class="battle-history">Battle started between Artman_Shan and PokeStee!<br></div><div class="spacer battle-history"><br></div><div class="battle-history">Go! <strong>Ribombee</strong>!<br></div><div class="spacer battle-history"><br></div><div class="battle-history">PokeStee sent out Baja Blast (<strong>Empoleon</strong>)!<br></div><div class="spacer battle-history"><br></div><h2 class="battle-history">Turn 1</h2><div class="spacer battle-history"><br></div><div class="battle-history">Ribombee used <strong>Stun Spore</strong>!<br></div><div class="battle-history"><small>The opposing Baja Blast avoided the attack!</small><br></div><div class="spacer battle-history"><br></div><div class="battle-history">The opposing Baja Blast used <strong>Stealth Rock</strong>!<br></div><div class="battle-history"><small>Pointed stones float in the air around your team!</small><br></div><div class="spacer battle-history"><br></div><h2 class="battle-history">Turn 2</h2><div class="spacer battle-history"><br></div><div class="battle-history">Ribombee used <strong>Sticky Web</strong>!<br></div><div class="battle-history"><small>A sticky web has been laid out on the ground around the opposing team!</small><br></div><div class="spacer battle-history"><br></div><div class="battle-history">The opposing Baja Blast used <strong>Flip Turn</strong>!<br></div><div class="battle-history"><small>(Ribombee lost 35% of its health!)</small><br></div><div class="spacer battle-history"><br></div><div class="battle-history">The opposing Baja Blast went back to PokeStee!<br></div><div class="battle-history">PokeStee sent out Doritos (<strong>Garganacl</strong>)!<br></div><div class="battle-history"><small>The opposing Doritos was caught in a sticky web!</small><br></div><div class="battle-history"><small>The opposing Doritos's Speed fell!</small><br></div><div class="spacer battle-history"><br></div><h2 class="battle-history">Turn 3</h2><div class="spacer battle-history"><br></div><div class="battle-history">Ribombee used <strong>Energy Ball</strong>!<br></div><div class="battle-history"><small>It's super effective!</small><br></div><div class="battle-history"><small>(The opposing Doritos lost 32% of its health!)</small><br></div><div class="battle-history"><small>The opposing Doritos's Sp. Def fell!</small><br></div><div class="spacer battle-history"><br></div><div class="battle-history">The opposing Doritos used <strong>Curse</strong>!<br></div><div class="battle-history"><small>The opposing Doritos's Speed fell!</small><br></div><div class="battle-history"><small>The opposing Doritos's Attack rose!</small><br></div><div class="battle-history"><small>The opposing Doritos's Defense rose!</small><br></div><div class="spacer battle-history"><br></div><div class="battle-history"><small>The opposing Doritos restored a little HP using its Leftovers!</small><br></div><div class="spacer battle-history"><br></div><h2 class="battle-history">Turn 4</h2><div class="spacer battle-history"><br></div><div class="battle-history">Ribombee used <strong>Stun Spore</strong>!<br></div><div class="battle-history">[The opposing Doritos's Purifying Salt]<br><small>It doesn't affect the opposing Doritos...</small><br></div><div class="spacer battle-history"><br></div><div class="battle-history">The opposing Doritos used <strong>Salt Cure</strong>!<br></div><div class="battle-history"><small>It's super effective!</small><br></div><div class="battle-history"><small>(Ribombee lost 65% of its health!)</small><br></div><div class="spacer battle-history"><br></div><div class="battle-history">Ribombee fainted!<br></div><div class="spacer battle-history"><br></div><div class="battle-history"><small>The opposing Doritos restored a little HP using its Leftovers!</small><br></div><div class="spacer battle-history"><br></div><div class="battle-history">Go! <strong>Blastoise</strong>!<br></div><div class="battle-history"><small>Pointed stones dug into Blastoise!</small><br></div><div class="spacer battle-history"><br></div><h2 class="battle-history">Turn 5</h2><div class="spacer battle-history"><br></div><div class="battle-history">PokeStee withdrew Doritos!<br></div><div class="battle-history">PokeStee sent out Livewire (<strong>Raging Bolt</strong>)!<br></div><div class="battle-history"><small>The opposing Livewire was caught in a sticky web!</small><br></div><div class="battle-history"><small>The opposing Livewire's Speed fell!</small><br></div><div class="battle-history"><small>(The opposing Livewire used its Booster Energy!)</small><br></div><div class="battle-history">[The opposing Livewire's Protosynthesis]<br><small>The opposing Livewire used its Booster Energy to activate Protosynthesis!</small><br></div><div class="battle-history"><small>The opposing Livewire's Sp. Atk was heightened!</small><br></div><div class="spacer battle-history"><br></div><div class="battle-history"><small>Blastoise's Blastoisinite is reacting to the Key Stone!</small><br>Blastoise has Mega Evolved into Mega Blastoise!<br></div><div class="spacer battle-history"><br></div><div class="battle-history">Blastoise used <strong>Aura Sphere</strong>!<br></div><div class="battle-history"><small>(The opposing Livewire lost 44% of its health!)</small><br></div><div class="spacer battle-history"><br></div><h2 class="battle-history">Turn 6</h2><div class="spacer battle-history"><br></div><div class="battle-history">Blastoise, come back!<br></div><div class="battle-history">Go! <strong>Gastrodon</strong>!<br></div><div class="battle-history"><small>Pointed stones dug into Gastrodon!</small><br></div><div class="spacer battle-history"><br></div><div class="battle-history">The opposing Livewire used <strong>Thunderclap</strong>!<br></div><div class="battle-history"><small>But it failed!</small><br></div><div class="spacer battle-history"><br></div><div class="battle-history"><small>Gastrodon restored a little HP using its Leftovers!</small><br></div><div class="spacer battle-history"><br></div><h2 class="battle-history">Turn 7</h2><div class="spacer battle-history"><br></div><div class="battle-history">PokeStee withdrew Livewire!<br></div><div class="battle-history">PokeStee sent out Mtn Dew (<strong>Tornadus-Therian</strong>)!<br></div><div class="spacer battle-history"><br></div><div class="battle-history">Gastrodon used <strong>Ice Beam</strong>!<br></div><div class="battle-history"><small>It's super effective!</small><br></div><div class="battle-history"><small>(The opposing Mtn Dew lost 24% of its health!)</small><br></div><div class="spacer battle-history"><br></div><h2 class="battle-history">Turn 8</h2><div class="spacer battle-history"><br></div><div class="battle-history">The opposing Mtn Dew used <strong>Knock Off</strong>!<br></div><div class="battle-history"><small>(Gastrodon lost 20% of its health!)</small><br></div><div class="battle-history"><small>The opposing Mtn Dew knocked off Gastrodon's Leftovers!</small><br></div><div class="spacer battle-history"><br></div><div class="battle-history">Gastrodon used <strong>Ice Beam</strong>!<br></div><div class="battle-history"><small>It's super effective!</small><br></div><div class="battle-history"><small>(The opposing Mtn Dew lost 26% of its health!)</small><br></div><div class="spacer battle-history"><br></div><h2 class="battle-history">Turn 9</h2><div class="spacer battle-history"><br></div><div class="battle-history">The opposing Mtn Dew used <strong>Bleakwind Storm</strong>!<br></div><div class="battle-history"><small>Gastrodon avoided the attack!</small><br></div><div class="spacer battle-history"><br></div><div class="battle-history">Gastrodon used <strong>Ice Beam</strong>!<br></div><div class="battle-history"><small>It's super effective!</small><br></div><div class="battle-history"><small>(The opposing Mtn Dew lost 27% of its health!)</small><br></div><div class="battle-history"><small>The opposing Mtn Dew was frozen solid!</small><br></div><div class="spacer battle-history"><br></div><h2 class="battle-history">Turn 10</h2><div class="chat chatmessage-pokestee"><strong style="color:#a541ca"><small class="groupsymbol">☆</small><span class="username">PokeStee</span>:</strong> <em>ouch</em></div><div class="spacer battle-history"><br></div><div class="battle-history">PokeStee withdrew Mtn Dew!<br></div><div class="battle-history">PokeStee sent out Voo-Dew (<strong>Weavile</strong>)!<br></div><div class="battle-history">[The opposing Voo-Dew's Pressure]<br><small>The opposing Voo-Dew is exerting its pressure!</small><br></div><div class="spacer battle-history"><br></div><div class="battle-history">Gastrodon used <strong>Earth Power</strong>!<br></div><div class="battle-history"><small>(The opposing Voo-Dew lost 40% of its health!)</small><br></div><div class="spacer battle-history"><br></div><h2 class="battle-history">Turn 11</h2><div class="spacer battle-history"><br></div><div class="battle-history">The opposing Voo-Dew used <strong>Triple Axel</strong>!<br></div><div class="battle-history"><small>(Gastrodon lost 11% of its health!)</small><br></div><div class="battle-history"><small>A critical hit!</small><br></div><div class="battle-history"><small>(Gastrodon lost 33% of its health!)</small><br></div><div class="battle-history"><small>(Gastrodon lost 32% of its health!)</small><br></div><div class="battle-history"><small>The Pokémon was hit 3 times!</small><br></div><div class="spacer battle-history"><br></div><div class="battle-history">Gastrodon used <strong>Earth Power</strong>!<br></div><div class="battle-history"><small>(The opposing Voo-Dew lost 44% of its health!)</small><br></div><div class="spacer battle-history"><br></div><h2 class="battle-history">Turn 12</h2><div class="spacer battle-history"><br></div><div class="battle-history">Gastrodon, come back!<br></div><div class="battle-history">Go! Blastoise (<strong>Blastoise-Mega</strong>)!<br></div><div class="battle-history"><small>Pointed stones dug into Blastoise!</small><br></div><div class="spacer battle-history"><br></div><div class="battle-history">The opposing Voo-Dew used <strong>Knock Off</strong>!<br></div><div class="battle-history"><small>(Blastoise lost 25% of its health!)</small><br></div><div class="spacer battle-history"><br></div><h2 class="battle-history">Turn 13</h2><div class="spacer battle-history"><br></div><div class="battle-history">PokeStee withdrew Voo-Dew!<br></div><div class="battle-history">PokeStee sent out Mtn Dew (<strong>Tornadus-Therian</strong>)!<br></div><div class="spacer battle-history"><br></div><div class="battle-history">Blastoise used <strong>Rapid Spin</strong>!<br></div><div class="battle-history"><small>(The opposing Mtn Dew lost 11% of its health!)</small><br></div><div class="battle-history"><small>Blastoise's Speed rose!</small><br></div><div class="battle-history"><small>The pointed stones disappeared from around your team!</small><br></div><div class="spacer battle-history"><br></div><h2 class="battle-history">Turn 14</h2><div class="spacer battle-history"><br></div><div class="battle-history">The opposing Mtn Dew is frozen solid!<br></div><div class="spacer battle-history"><br></div><div class="battle-history">Blastoise used <strong>Water Pulse</strong>!<br></div><div class="battle-history"><small>(The opposing Mtn Dew lost 34% of its health!)</small><br></div><div class="spacer battle-history"><br></div><h2 class="battle-history">Turn 15</h2><div class="spacer battle-history"><br></div><div class="battle-history"><small>The opposing Mtn Dew thawed out!</small><br></div><div class="spacer battle-history"><br></div><div class="battle-history">The opposing Mtn Dew used <strong>Bleakwind Storm</strong>!<br></div><div class="battle-history"><small>Blastoise avoided the attack!</small><br></div><div class="spacer battle-history"><br></div><div class="battle-history">Blastoise used <strong>Rapid Spin</strong>!<br></div><div class="battle-history"><small>(The opposing Mtn Dew lost 11% of its health!)</small><br></div><div class="battle-history"><small>Blastoise's Speed rose!</small><br></div><div class="spacer battle-history"><br></div><div class="battle-history">The opposing Mtn Dew fainted!<br></div><div class="chat chatmessage-pokestee"><strong style="color:#a541ca"><small class="groupsymbol">☆</small><span class="username">PokeStee</span>:</strong> <em>ahhhh</em></div><div class="spacer battle-history"><br></div><div class="battle-history">PokeStee sent out Code Red (<strong>Latias</strong>)!<br></div><div class="spacer battle-history"><br></div><h2 class="battle-history">Turn 16</h2><div class="spacer battle-history"><br></div><div class="battle-history">The opposing Code Red used <strong>Draco Meteor</strong>!<br></div><div class="battle-history"><small>(Blastoise lost 51% of its health!)</small><br></div><div class="battle-history"><small>The opposing Code Red's Sp. Atk fell harshly!</small><br></div><div class="spacer battle-history"><br></div><div class="battle-history">Blastoise fainted!<br></div><div class="spacer battle-history"><br></div><div class="battle-history">Go! <strong>Tapu Koko</strong>!<br></div><div class="battle-history">[Tapu Koko's Electric Surge]<br><small>An electric current ran across the battlefield!</small><br></div><div class="spacer battle-history"><br></div><h2 class="battle-history">Turn 17</h2><div class="spacer battle-history"><br></div><div class="battle-history">PokeStee withdrew Code Red!<br></div><div class="battle-history">PokeStee sent out Voo-Dew (<strong>Weavile</strong>)!<br></div><div class="battle-history">[The opposing Voo-Dew's Pressure]<br><small>The opposing Voo-Dew is exerting its pressure!</small><br></div><div class="spacer battle-history"><br></div><div class="battle-history">Tapu Koko used <strong>Grass Knot</strong>!<br></div><div class="battle-history"><small>(The opposing Voo-Dew lost 16% of its health!)</small><br></div><div class="spacer battle-history"><br></div><div class="battle-history">The opposing Voo-Dew fainted!<br></div><div class="spacer battle-history"><br></div><div class="battle-history">PokeStee sent out Livewire (<strong>Raging Bolt</strong>)!<br></div><div class="battle-history"><small>The opposing Livewire was caught in a sticky web!</small><br></div><div class="battle-history"><small>The opposing Livewire's Speed fell!</small><br></div><div class="spacer battle-history"><br></div><h2 class="battle-history">Turn 18</h2><div class="chat"><small> supermarcel13 joined;  supermarcel13 left</small></div><div class="spacer battle-history"><br></div><div class="battle-history">The opposing Livewire used <strong>Thunderclap</strong>!<br></div><div class="battle-history"><small>It's not very effective...</small><br></div><div class="battle-history"><small>(Tapu Koko lost 43% of its health!)</small><br></div><div class="spacer battle-history"><br></div><div class="battle-history">Tapu Koko used <strong>Grass Knot</strong>!<br></div><div class="battle-history"><small>It's not very effective...</small><br></div><div class="battle-history"><small>(The opposing Livewire lost 24% of its health!)</small><br></div><div class="spacer battle-history"><br></div><h2 class="battle-history">Turn 19</h2><div class="spacer battle-history"><br></div><div class="battle-history">Tapu Koko, come back!<br></div><div class="battle-history">Go! <strong>Gastrodon</strong>!<br></div><div class="spacer battle-history"><br></div><div class="battle-history">PokeStee withdrew Livewire!<br></div><div class="battle-history">PokeStee sent out Doritos (<strong>Garganacl</strong>)!<br></div><div class="battle-history"><small>The opposing Doritos was caught in a sticky web!</small><br></div><div class="battle-history"><small>The opposing Doritos's Speed fell!</small><br></div><div class="spacer battle-history"><br></div><div class="battle-history"><small>The opposing Doritos restored a little HP using its Leftovers!</small><br></div><div class="spacer battle-history"><br></div><h2 class="battle-history">Turn 20</h2><div class="spacer battle-history"><br></div><div class="battle-history">Gastrodon used <strong>Recover</strong>!<br></div><div class="battle-history"><small>Gastrodon had its HP restored.</small><br></div><div class="spacer battle-history"><br></div><div class="battle-history">The opposing Doritos used <strong>Curse</strong>!<br></div><div class="battle-history"><small>The opposing Doritos's Speed fell!</small><br></div><div class="battle-history"><small>The opposing Doritos's Attack rose!</small><br></div><div class="battle-history"><small>The opposing Doritos's Defense rose!</small><br></div><div class="spacer battle-history"><br></div><div class="battle-history"><small>The opposing Doritos restored a little HP using its Leftovers!</small><br></div><div class="spacer battle-history"><br></div><h2 class="battle-history">Turn 21</h2><div class="spacer battle-history"><br></div><div class="battle-history">Gastrodon used <strong>Clear Smog</strong>!<br></div><div class="battle-history"><small>It's not very effective...</small><br></div><div class="battle-history"><small>(The opposing Doritos lost 4% of its health!)</small><br></div><div class="battle-history"><small>The opposing Doritos's stat changes were removed!</small><br></div><div class="spacer battle-history"><br></div><div class="battle-history">The opposing Doritos used <strong>Salt Cure</strong>!<br></div><div class="battle-history"><small>It's not very effective...</small><br></div><div class="battle-history"><small>(Gastrodon lost 8% of its health!)</small><br></div><div class="battle-history"><small>Gastrodon is being salt cured!</small><br></div><div class="spacer battle-history"><br></div><div class="battle-history"><small>The opposing Doritos restored a little HP using its Leftovers!</small><br></div><div class="battle-history"><small>Gastrodon is hurt by Salt Cure!</small><br></div><div class="battle-history"><small>The electricity disappeared from the battlefield.</small><br></div><div class="spacer battle-history"><br></div><h2 class="battle-history">Turn 22</h2><div class="spacer battle-history"><br></div><div class="battle-history">Gastrodon used <strong>Earth Power</strong>!<br></div><div class="battle-history"><small>It's super effective!</small><br></div><div class="battle-history"><small>(The opposing Doritos lost 43% of its health!)</small><br></div><div class="spacer battle-history"><br></div><div class="battle-history">The opposing Doritos used <strong>Earthquake</strong>!<br></div><div class="battle-history"><small>(Gastrodon lost 21% of its health!)</small><br></div><div class="spacer battle-history"><br></div><div class="battle-history">Gastrodon fainted!<br></div><div class="spacer battle-history"><br></div><div class="battle-history"><small>The opposing Doritos restored a little HP using its Leftovers!</small><br></div><div class="spacer battle-history"><br></div><div class="battle-history">Go! Zapdos (<strong>Zapdos-Galar</strong>)!<br></div><div class="spacer battle-history"><br></div><h2 class="battle-history">Turn 23</h2><div class="spacer battle-history"><br></div><div class="battle-history">Zapdos used <strong>Thunderous Kick</strong>!<br></div><div class="battle-history"><small>It's super effective!</small><br></div><div class="battle-history"><small>(The opposing Doritos lost 59% of its health!)</small><br></div><div class="battle-history"><small>The opposing Doritos's Defense fell!</small><br></div><div class="spacer battle-history"><br></div><div class="battle-history">The opposing Doritos used <strong>Salt Cure</strong>!<br></div><div class="battle-history"><small>(Zapdos lost 15% of its health!)</small><br></div><div class="battle-history"><small>Zapdos is being salt cured!</small><br></div><div class="spacer battle-history"><br></div><div class="battle-history"><small>The opposing Doritos restored a little HP using its Leftovers!</small><br></div><div class="battle-history"><small>Zapdos is hurt by Salt Cure!</small><br></div><div class="spacer battle-history"><br></div><h2 class="battle-history">Turn 24</h2><div class="spacer battle-history"><br></div><div class="battle-history">PokeStee withdrew Doritos!<br></div><div class="battle-history">PokeStee sent out Livewire (<strong>Raging Bolt</strong>)!<br></div><div class="battle-history"><small>The opposing Livewire was caught in a sticky web!</small><br></div><div class="battle-history"><small>The opposing Livewire's Speed fell!</small><br></div><div class="spacer battle-history"><br></div><div class="battle-history">Zapdos used <strong>Thunderous Kick</strong>!<br></div><div class="battle-history"><small>(The opposing Livewire lost 32% of its health!)</small><br></div><div class="spacer battle-history"><br></div><div class="battle-history">The opposing Livewire fainted!<br></div><div class="spacer battle-history"><br></div><div class="battle-history"><small>Zapdos is hurt by Salt Cure!</small><br></div><div class="spacer battle-history"><br></div><div class="battle-history">PokeStee sent out Code Red (<strong>Latias</strong>)!<br></div><div class="spacer battle-history"><br></div><h2 class="battle-history">Turn 25</h2><div class="spacer battle-history"><br></div><div class="battle-history">Zapdos, come back!<br></div><div class="battle-history">Go! <strong>Celesteela</strong>!<br></div><div class="spacer battle-history"><br></div><div class="battle-history">The opposing Code Red used <strong>Draco Meteor</strong>!<br></div><div class="battle-history"><small>It's not very effective...</small><br></div><div class="battle-history"><small>(Celesteela lost 18% of its health!)</small><br></div><div class="battle-history"><small>The opposing Code Red's Sp. Atk fell harshly!</small><br></div><div class="spacer battle-history"><br></div><div class="battle-history"><small>Celesteela restored a little HP using its Leftovers!</small><br></div><div class="spacer battle-history"><br></div><h2 class="battle-history">Turn 26</h2><div class="spacer battle-history"><br></div><div class="battle-history">PokeStee withdrew Code Red!<br></div><div class="battle-history">PokeStee sent out Baja Blast (<strong>Empoleon</strong>)!<br></div><div class="spacer battle-history"><br></div><div class="battle-history">Celesteela used <strong>Heavy Slam</strong>!<br></div><div class="battle-history"><small>It's not very effective...</small><br></div><div class="battle-history"><small>(The opposing Baja Blast lost 9% of its health!)</small><br></div><div class="spacer battle-history"><br></div><div class="battle-history"><small>Celesteela restored a little HP using its Leftovers!</small><br></div><div class="spacer battle-history"><br></div><h2 class="battle-history">Turn 27</h2><div class="spacer battle-history"><br></div><div class="battle-history">Celesteela used <strong>Protect</strong>!<br></div><div class="battle-history"><small>Celesteela protected itself!</small><br></div><div class="spacer battle-history"><br></div><div class="battle-history">The opposing Baja Blast used <strong>Stealth Rock</strong>!<br></div><div class="battle-history"><small>Pointed stones float in the air around your team!</small><br></div><div class="spacer battle-history"><br></div><div class="battle-history"><small>Celesteela restored a little HP using its Leftovers!</small><br></div><div class="spacer battle-history"><br></div><h2 class="battle-history">Turn 28</h2><div class="spacer battle-history"><br></div><div class="battle-history">Celesteela used <strong>Earthquake</strong>!<br></div><div class="battle-history"><small>It's super effective!</small><br></div><div class="battle-history"><small>(The opposing Baja Blast lost 52% of its health!)</small><br></div><div class="spacer battle-history"><br></div><div class="battle-history">The opposing Baja Blast used <strong>Ice Beam</strong>!<br></div><div class="battle-history"><small>(Celesteela lost 13% of its health!)</small><br></div><div class="spacer battle-history"><br></div><div class="battle-history"><small>Celesteela restored a little HP using its Leftovers!</small><br></div><div class="spacer battle-history"><br></div><h2 class="battle-history">Turn 29</h2><div class="spacer battle-history"><br></div><div class="battle-history">Celesteela used <strong>Protect</strong>!<br></div><div class="battle-history"><small>Celesteela protected itself!</small><br></div><div class="spacer battle-history"><br></div><div class="battle-history">The opposing Baja Blast used <strong>Ice Beam</strong>!<br></div><div class="battle-history"><small>Celesteela protected itself!</small><br></div><div class="spacer battle-history"><br></div><div class="battle-history"><small>Celesteela restored a little HP using its Leftovers!</small><br></div><div class="spacer battle-history"><br></div><h2 class="battle-history">Turn 30</h2><div class="spacer battle-history"><br></div><div class="battle-history">Celesteela used <strong>Earthquake</strong>!<br></div><div class="battle-history"><small>It's super effective!</small><br></div><div class="battle-history"><small>(The opposing Baja Blast lost 39% of its health!)</small><br></div><div class="spacer battle-history"><br></div><div class="battle-history">The opposing Baja Blast fainted!<br></div><div class="battle-history">[Celesteela's Beast Boost]<br></div><div class="battle-history"><small>Celesteela's Sp. Def rose!</small><br></div><div class="spacer battle-history"><br></div><div class="battle-history"><small>Celesteela restored a little HP using its Leftovers!</small><br></div><div class="spacer battle-history"><br></div><div class="battle-history">PokeStee sent out Doritos (<strong>Garganacl</strong>)!<br></div><div class="battle-history"><small>The opposing Doritos was caught in a sticky web!</small><br></div><div class="battle-history"><small>The opposing Doritos's Speed fell!</small><br></div><div class="spacer battle-history"><br></div><h2 class="battle-history">Turn 31</h2><div class="spacer battle-history"><br></div><div class="battle-history">Celesteela used <strong>Protect</strong>!<br></div><div class="battle-history"><small>Celesteela protected itself!</small><br></div><div class="spacer battle-history"><br></div><div class="battle-history">The opposing Doritos used <strong>Recover</strong>!<br></div><div class="battle-history"><small>The opposing Doritos had its HP restored.</small><br></div><div class="spacer battle-history"><br></div><div class="battle-history"><small>The opposing Doritos restored a little HP using its Leftovers!</small><br></div><div class="spacer battle-history"><br></div><h2 class="battle-history">Turn 32</h2><div class="spacer battle-history"><br></div><div class="battle-history">Celesteela used <strong>Earthquake</strong>!<br></div><div class="battle-history"><small>It's super effective!</small><br></div><div class="battle-history"><small>A critical hit!</small><br></div><div class="battle-history"><small>(The opposing Doritos lost 49% of its health!)</small><br></div><div class="spacer battle-history"><br></div><div class="battle-history">The opposing Doritos used <strong>Salt Cure</strong>!<br></div><div class="battle-history"><small>(Celesteela lost 10% of its health!)</small><br></div><div class="battle-history"><small>Celesteela is being salt cured!</small><br></div><div class="spacer battle-history"><br></div><div class="battle-history"><small>Celesteela restored a little HP using its Leftovers!</small><br></div><div class="battle-history"><small>The opposing Doritos restored a little HP using its Leftovers!</small><br></div><div class="battle-history"><small>Celesteela is hurt by Salt Cure!</small><br></div><div class="spacer battle-history"><br></div><h2 class="battle-history">Turn 33</h2><div class="spacer battle-history"><br></div><div class="battle-history">Celesteela used <strong>Earthquake</strong>!<br></div><div class="battle-history"><small>It's super effective!</small><br></div><div class="battle-history"><small>(The opposing Doritos lost 21% of its health!)</small><br></div><div class="spacer battle-history"><br></div><div class="battle-history">The opposing Doritos fainted!<br></div><div class="battle-history">[Celesteela's Beast Boost]<br></div><div class="battle-history"><small>Celesteela's Sp. Def rose!</small><br></div><div class="spacer battle-history"><br></div><div class="battle-history"><small>Celesteela restored a little HP using its Leftovers!</small><br></div><div class="battle-history"><small>Celesteela is hurt by Salt Cure!</small><br></div><div class="spacer battle-history"><br></div><div class="battle-history">PokeStee sent out Code Red (<strong>Latias</strong>)!<br></div><div class="spacer battle-history"><br></div><h2 class="battle-history">Turn 34</h2><div class="spacer battle-history"><br></div><div class="battle-history">The opposing Code Red used <strong>Psychic</strong>!<br></div><div class="battle-history"><small>It's not very effective...</small><br></div><div class="battle-history"><small>(Celesteela lost 7% of its health!)</small><br></div><div class="spacer battle-history"><br></div><div class="battle-history">Celesteela used <strong>Heavy Slam</strong>!<br></div><div class="battle-history"><small>(The opposing Code Red lost 47% of its health!)</small><br></div><div class="spacer battle-history"><br></div><div class="battle-history"><small>Celesteela restored a little HP using its Leftovers!</small><br></div><div class="battle-history"><small>Celesteela is hurt by Salt Cure!</small><br></div><div class="spacer battle-history"><br></div><h2 class="battle-history">Turn 35</h2><div class="spacer battle-history"><br></div><div class="battle-history">The opposing Code Red used <strong>Psychic</strong>!<br></div><div class="battle-history"><small>It's not very effective...</small><br></div><div class="battle-history"><small>(Celesteela lost 8% of its health!)</small><br></div><div class="spacer battle-history"><br></div><div class="battle-history">Celesteela used <strong>Heavy Slam</strong>!<br></div><div class="battle-history"><small>(The opposing Code Red lost 50% of its health!)</small><br></div><div class="spacer battle-history"><br></div><div class="battle-history"><small>Celesteela restored a little HP using its Leftovers!</small><br></div><div class="battle-history"><small>Celesteela is hurt by Salt Cure!</small><br></div><div class="spacer battle-history"><br></div><div class="battle-history">Celesteela fainted!<br></div><div class="spacer battle-history"><br></div><div class="battle-history">Go! Zapdos (<strong>Zapdos-Galar</strong>)!<br></div><div class="battle-history"><small>Pointed stones dug into Zapdos!</small><br></div><div class="spacer battle-history"><br></div><h2 class="battle-history">Turn 36</h2><div class="spacer battle-history"><br></div><div class="battle-history">The opposing Code Red used <strong>Psychic</strong>!<br></div><div class="battle-history"><small>It's super effective!</small><br></div><div class="battle-history"><small>(Zapdos lost 48% of its health!)</small><br></div><div class="spacer battle-history"><br></div><div class="battle-history">Zapdos fainted!<br></div><div class="spacer battle-history"><br></div><div class="battle-history">Go! <strong>Tapu Koko</strong>!<br></div><div class="battle-history"><small>Pointed stones dug into Tapu Koko!</small><br></div><div class="battle-history">[Tapu Koko's Electric Surge]<br><small>An electric current ran across the battlefield!</small><br></div><div class="spacer battle-history"><br></div><h2 class="battle-history">Turn 37</h2><div class="spacer battle-history"><br></div><div class="battle-history">The opposing Code Red used <strong>Psychic</strong>!<br></div><div class="battle-history"><small>(Tapu Koko lost 44% of its health!)</small><br></div><div class="spacer battle-history"><br></div><div class="battle-history">Tapu Koko fainted!<br></div><div class="spacer battle-history"><br></div><div class="battle-history"><strong>PokeStee</strong> won the battle!<br></div><div class="chat chatmessage-pokestee"><strong style="color:#a541ca"><small class="groupsymbol">☆</small><span class="username">PokeStee</span>:</strong> <em>god damn</em></div><div class="chat chatmessage-pokestee"><strong style="color:#a541ca"><small class="groupsymbol">☆</small><span class="username">PokeStee</span>:</strong> <em>gg!!</em></div><div class="chat chatmessage-pokestee"><strong style="color:#a541ca"><small class="groupsymbol">☆</small><span class="username">PokeStee</span>:</strong> <em>that was a good one</em></div><div class="chat chatmessage-artmanshan"><strong style="color:#cc2eb9"><small class="groupsymbol">☆</small><span class="username">Artman_Shan</span>:</strong> <em>gg</em></div></div><div class="inner-preempt message-log"></div></div></div>
</div>
<script>
let daily = Math.floor(Date.now()/1000/60/60/24);document.write('<script src="https://play.pokemonshowdown.com/js/replay-embed.js?version'+daily+'"></'+'script>');
</script>
