<!DOCTYPE html>
<meta charset="utf-8" />
<!-- version 1 -->
<title>[Gen 9] NatDex Draft replay: kingjulian200 vs. DaddyNeedsYou-_-</title>
<style>
html,body {font-family:Verdana, sans-serif;font-size:10pt;margin:0;padding:0;}body{padding:12px 0;} .battle-log {font-family:Verdana, sans-serif;font-size:10pt;} .battle-log-inline {border:1px solid #AAAAAA;background:#EEF2F5;color:black;max-width:640px;margin:0 auto 80px;padding-bottom:5px;} .battle-log .inner {padding:4px 8px 0px 8px;} .battle-log .inner-preempt {padding:0 8px 4px 8px;} .battle-log .inner-after {margin-top:0.5em;} .battle-log h2 {margin:0.5em -8px;padding:4px 8px;border:1px solid #AAAAAA;background:#E0E7EA;border-left:0;border-right:0;font-family:Verdana, sans-serif;font-size:13pt;} .battle-log .chat {vertical-align:middle;padding:3px 0 3px 0;font-size:8pt;} .battle-log .chat strong {color:#40576A;} .battle-log .chat em {padding:1px 4px 1px 3px;color:#000000;font-style:normal;} .chat.mine {background:rgba(0,0,0,0.05);margin-left:-8px;margin-right:-8px;padding-left:8px;padding-right:8px;} .spoiler {color:#BBBBBB;background:#BBBBBB;padding:0px 3px;} .spoiler:hover, .spoiler:active, .spoiler-shown {color:#000000;background:#E2E2E2;padding:0px 3px;} .spoiler a {color:#BBBBBB;} .spoiler:hover a, .spoiler:active a, .spoiler-shown a {color:#2288CC;} .chat code, .chat .spoiler:hover code, .chat .spoiler:active code, .chat .spoiler-shown code {border:1px solid #C0C0C0;background:#EEEEEE;color:black;padding:0 2px;} .chat .spoiler code {border:1px solid #CCCCCC;background:#CCCCCC;color:#CCCCCC;} .battle-log .rated {padding:3px 4px;} .battle-log .rated strong {color:white;background:#89A;padding:1px 4px;border-radius:4px;} .spacer {margin-top:0.5em;} .message-announce {background:#6688AA;color:white;padding:1px 4px 2px;} .message-announce a, .broadcast-green a, .broadcast-blue a, .broadcast-red a {color:#DDEEFF;} .broadcast-green {background-color:#559955;color:white;padding:2px 4px;} .broadcast-blue {background-color:#6688AA;color:white;padding:2px 4px;} .infobox {border:1px solid #6688AA;padding:2px 4px;} .infobox-limited {max-height:200px;overflow:auto;overflow-x:hidden;} .broadcast-red {background-color:#AA5544;color:white;padding:2px 4px;} .message-learn-canlearn {font-weight:bold;color:#228822;text-decoration:underline;} .message-learn-cannotlearn {font-weight:bold;color:#CC2222;text-decoration:underline;} .message-effect-weak {font-weight:bold;color:#CC2222;} .message-effect-resist {font-weight:bold;color:#6688AA;} .message-effect-immune {font-weight:bold;color:#666666;} .message-learn-list {margin-top:0;margin-bottom:0;} .message-throttle-notice, .message-error {color:#992222;} .message-overflow, .chat small.message-overflow {font-size:0pt;} .message-overflow::before {font-size:9pt;content:'...';} .subtle {color:#3A4A66;}
</style>
<div class="wrapper replay-wrapper" style="max-width:1180px;margin:0 auto">
<input type="hidden" name="replayid" value="gen9natdexdraft-2371739090" />
<div class="battle"></div><div class="battle-log"></div><div class="replay-controls"></div><div class="replay-controls-2"></div>
<h1 style="font-weight:normal;text-align:center"><strong>[Gen 9] NatDex Draft</strong><br /><a href="http://pokemonshowdown.com/users/kingjulian200" class="subtle" target="_blank">kingjulian200</a> vs. <a href="http://pokemonshowdown.com/users/daddyneedsyou" class="subtle" target="_blank">DaddyNeedsYou-_-</a></h1>
<script type="text/plain" class="battle-log-data">
|j|☆kingjulian200
|j|☆DaddyNeedsYou-_-
|t:|1748200798
|gametype|singles
|player|p1|kingjulian200|n|
|player|p2|DaddyNeedsYou-_-|chuck|
|teamsize|p1|6
|teamsize|p2|6
|gen|9
|tier|[Gen 9] NatDex Draft
|rule|Sleep Clause Mod: Limit one foe put to sleep
|rule|OHKO Clause: OHKO moves are banned
|rule|Evasion Clause: Evasion abilities, items, and moves are banned
|rule|Evasion Abilities Clause: Evasion abilities are banned
|rule|Evasion Items Clause: Evasion items are banned
|rule|Evasion Moves Clause: Evasion moves are banned
|rule|Endless Battle Clause: Forcing endless battles is banned
|rule|HP Percentage Mod: HP is shown in percentages
|clearpoke
|poke|p1|Urshifu-*, F|
|poke|p1|Gholdengo|
|poke|p1|Aurorus, M|
|poke|p1|Latias, F|
|poke|p1|Gardevoir, M|
|poke|p1|Bisharp, M|
|poke|p2|Dragapult, M|
|poke|p2|Gallade, M|
|poke|p2|Nihilego|
|poke|p2|Tapu Bulu|
|poke|p2|Celesteela|
|poke|p2|Blastoise, M|
|teampreview
|c|☆kingjulian200|glhf!
|c|☆DaddyNeedsYou-_-|glhf!
|
|t:|1748200873
|start
|switch|p1a: Corki|Latias, F|100\/100
|switch|p2a: Nihilego|Nihilego|100\/100
|turn|1
|
|t:|1748200885
|move|p1a: Corki|Tailwind|p1a: Corki
|-sidestart|p1: kingjulian200|move: Tailwind
|move|p2a: Nihilego|Stealth Rock|p1a: Corki
|-sidestart|p1: kingjulian200|move: Stealth Rock
|
|upkeep
|turn|2
|
|t:|1748200901
|move|p1a: Corki|Mist Ball|p2a: Nihilego
|-supereffective|p2a: Nihilego
|-damage|p2a: Nihilego|30\/100
|-unboost|p2a: Nihilego|spa|1
|-damage|p1a: Corki|91\/100|[from] item: Life Orb
|move|p2a: Nihilego|Sludge Wave|p1a: Corki
|-damage|p1a: Corki|65\/100
|
|upkeep
|turn|3
|
|t:|1748200912
|move|p1a: Corki|Mist Ball|p2a: Nihilego
|-supereffective|p2a: Nihilego
|-damage|p2a: Nihilego|0 fnt
|faint|p2a: Nihilego
|-damage|p1a: Corki|55\/100|[from] item: Life Orb
|
|upkeep
|
|t:|1748200953
|switch|p2a: Tapu Bulu|Tapu Bulu|100\/100
|-fieldstart|move: Grassy Terrain|[from] ability: Grassy Surge|[of] p2a: Tapu Bulu
|turn|4
|
|t:|1748200979
|switch|p1a: Ekko|Gholdengo|100\/100
|-damage|p1a: Ekko|94\/100|[from] Stealth Rock
|move|p2a: Tapu Bulu|Substitute|p2a: Tapu Bulu
|-start|p2a: Tapu Bulu|Substitute
|-damage|p2a: Tapu Bulu|76\/100
|
|-heal|p1a: Ekko|100\/100|[from] Grassy Terrain
|-heal|p2a: Tapu Bulu|82\/100|[from] Grassy Terrain
|-heal|p2a: Tapu Bulu|88\/100|[from] item: Leftovers
|-sideend|p1: kingjulian200|move: Tailwind
|upkeep
|turn|5
|
|t:|1748201105
|move|p1a: Ekko|Shadow Ball|p2a: Tapu Bulu
|-end|p2a: Tapu Bulu|Substitute
|-damage|p1a: Ekko|91\/100|[from] item: Life Orb
|move|p2a: Tapu Bulu|Darkest Lariat|p1a: Ekko
|-supereffective|p1a: Ekko
|-damage|p1a: Ekko|32\/100
|
|-heal|p1a: Ekko|38\/100|[from] Grassy Terrain
|-heal|p2a: Tapu Bulu|94\/100|[from] Grassy Terrain
|-heal|p2a: Tapu Bulu|99\/100|[from] item: Leftovers
|upkeep
|turn|6
|
|t:|1748201136
|switch|p2a: Celesteela|Celesteela|100\/100
|move|p1a: Ekko|Make It Rain|p2a: Celesteela
|-resisted|p2a: Celesteela
|-damage|p2a: Celesteela|67\/100
|-unboost|p1a: Ekko|spa|1
|-damage|p1a: Ekko|28\/100|[from] item: Life Orb
|
|-heal|p1a: Ekko|34\/100|[from] Grassy Terrain
|-heal|p2a: Celesteela|73\/100|[from] item: Leftovers
|upkeep
|turn|7
|
|t:|1748201207
|move|p1a: Ekko|Rest|p1a: Ekko
|-status|p1a: Ekko|slp|[from] move: Rest
|-heal|p1a: Ekko|100\/100 slp|[silent]
|move|p2a: Celesteela|Flamethrower|p1a: Ekko
|-supereffective|p1a: Ekko
|-damage|p1a: Ekko|51\/100 slp
|
|-heal|p1a: Ekko|57\/100 slp|[from] Grassy Terrain
|-heal|p2a: Celesteela|79\/100|[from] item: Leftovers
|upkeep
|turn|8
|
|t:|1748201241
|cant|p1a: Ekko|slp
|move|p2a: Celesteela|Leech Seed|p1a: Ekko
|-immune|p1a: Ekko|[from] ability: Good as Gold
|
|-heal|p1a: Ekko|64\/100 slp|[from] Grassy Terrain
|-heal|p2a: Celesteela|85\/100|[from] item: Leftovers
|-fieldend|move: Grassy Terrain
|upkeep
|turn|9
|c|☆DaddyNeedsYou-_-|I forget that good as gold is a thing
|
|t:|1748201261
|cant|p1a: Ekko|slp
|move|p2a: Celesteela|Flamethrower|p1a: Ekko
|-supereffective|p1a: Ekko
|-damage|p1a: Ekko|15\/100 slp
|
|-heal|p2a: Celesteela|91\/100|[from] item: Leftovers
|upkeep
|turn|10
|c|☆kingjulian200|:D
|
|t:|1748201277
|-curestatus|p1a: Ekko|slp|[msg]
|move|p1a: Ekko|Shadow Ball|p2a: Celesteela
|-damage|p2a: Celesteela|57\/100
|-damage|p1a: Ekko|6\/100|[from] item: Life Orb
|move|p2a: Celesteela|Flamethrower|p1a: Ekko
|-supereffective|p1a: Ekko
|-damage|p1a: Ekko|0 fnt
|faint|p1a: Ekko
|-ability|p2a: Celesteela|Beast Boost|boost
|-boost|p2a: Celesteela|def|1
|
|-heal|p2a: Celesteela|63\/100|[from] item: Leftovers
|upkeep
|
|t:|1748201296
|switch|p1a: Rell|Aurorus, M|100\/100
|-damage|p1a: Rell|76\/100|[from] Stealth Rock
|turn|11
|
|t:|1748201315
|-terastallize|p1a: Rell|Electric
|move|p2a: Celesteela|Protect|p2a: Celesteela
|-singleturn|p2a: Celesteela|Protect
|move|p1a: Rell|Thunderbolt|p2a: Celesteela
|-activate|p2a: Celesteela|move: Protect
|
|-heal|p2a: Celesteela|70\/100|[from] item: Leftovers
|upkeep
|turn|12
|
|t:|1748201338
|switch|p2a: Tapu Bulu|Tapu Bulu|99\/100
|-fieldstart|move: Grassy Terrain|[from] ability: Grassy Surge|[of] p2a: Tapu Bulu
|move|p1a: Rell|Freeze-Dry|p2a: Tapu Bulu
|-supereffective|p2a: Tapu Bulu
|-damage|p2a: Tapu Bulu|41\/100
|
|-heal|p2a: Tapu Bulu|47\/100|[from] Grassy Terrain
|-heal|p2a: Tapu Bulu|53\/100|[from] item: Leftovers
|-heal|p1a: Rell|82\/100|[from] Grassy Terrain
|upkeep
|turn|13
|
|t:|1748201354
|move|p2a: Tapu Bulu|Horn Leech|p1a: Rell
|-damage|p1a: Rell|40\/100
|-heal|p2a: Tapu Bulu|81\/100|[from] drain|[of] p1a: Rell
|move|p1a: Rell|Freeze-Dry|p2a: Tapu Bulu
|-supereffective|p2a: Tapu Bulu
|-damage|p2a: Tapu Bulu|30\/100
|
|-heal|p2a: Tapu Bulu|36\/100|[from] Grassy Terrain
|-heal|p2a: Tapu Bulu|42\/100|[from] item: Leftovers
|-heal|p1a: Rell|47\/100|[from] Grassy Terrain
|upkeep
|turn|14
|
|t:|1748201367
|move|p2a: Tapu Bulu|Horn Leech|p1a: Rell
|-damage|p1a: Rell|9\/100
|-heal|p2a: Tapu Bulu|68\/100|[from] drain|[of] p1a: Rell
|move|p1a: Rell|Freeze-Dry|p2a: Tapu Bulu
|-supereffective|p2a: Tapu Bulu
|-damage|p2a: Tapu Bulu|17\/100
|
|-heal|p2a: Tapu Bulu|23\/100|[from] Grassy Terrain
|-heal|p2a: Tapu Bulu|29\/100|[from] item: Leftovers
|-heal|p1a: Rell|15\/100|[from] Grassy Terrain
|upkeep
|turn|15
|
|t:|1748201413
|switch|p1a: Darius|Bisharp, M|100\/100
|-damage|p1a: Darius|94\/100|[from] Stealth Rock
|move|p2a: Tapu Bulu|Horn Leech|p1a: Darius
|-resisted|p1a: Darius
|-damage|p1a: Darius|78\/100
|-heal|p2a: Tapu Bulu|37\/100|[from] drain|[of] p1a: Darius
|
|-heal|p2a: Tapu Bulu|43\/100|[from] Grassy Terrain
|-heal|p2a: Tapu Bulu|49\/100|[from] item: Leftovers
|-heal|p1a: Darius|84\/100|[from] Grassy Terrain
|upkeep
|turn|16
|
|t:|1748201458
|switch|p2a: Celesteela|Celesteela|70\/100
|move|p1a: Darius|Knock Off|p2a: Celesteela
|-damage|p2a: Celesteela|41\/100
|-enditem|p2a: Celesteela|Leftovers|[from] move: Knock Off|[of] p1a: Darius
|
|-heal|p1a: Darius|90\/100|[from] Grassy Terrain
|-fieldend|move: Grassy Terrain
|upkeep
|turn|17
|
|t:|1748201496
|move|p1a: Darius|Stealth Rock|p2a: Celesteela
|-sidestart|p2: DaddyNeedsYou-_-|move: Stealth Rock
|move|p2a: Celesteela|Leech Seed|p1a: Darius
|-start|p1a: Darius|move: Leech Seed
|
|-damage|p1a: Darius|78\/100|[from] Leech Seed|[of] p2a: Celesteela
|-heal|p2a: Celesteela|52\/100|[silent]
|upkeep
|turn|18
|
|t:|1748201508
|switch|p1a: Lee Sin|Urshifu-Rapid-Strike, F|100\/100
|-damage|p1a: Lee Sin|94\/100|[from] Stealth Rock
|move|p2a: Celesteela|Flamethrower|p1a: Lee Sin
|-resisted|p1a: Lee Sin
|-damage|p1a: Lee Sin|79\/100
|
|upkeep
|turn|19
|
|t:|1748201548
|move|p1a: Lee Sin|Surging Strikes|p2a: Celesteela
|-crit|p2a: Celesteela
|-damage|p2a: Celesteela|31\/100
|-crit|p2a: Celesteela
|-damage|p2a: Celesteela|13\/100
|-crit|p2a: Celesteela
|-damage|p2a: Celesteela|0 fnt
|faint|p2a: Celesteela
|-hitcount|p2: Celesteela|3
|
|upkeep
|
|t:|1748201569
|switch|p2a: Gallade|Gallade, M|100\/100
|-damage|p2a: Gallade|94\/100|[from] Stealth Rock
|turn|20
|
|t:|1748201578
|-terastallize|p2a: Gallade|Grass
|move|p2a: Gallade|Leaf Blade|p1a: Lee Sin
|-supereffective|p1a: Lee Sin
|-crit|p1a: Lee Sin
|-damage|p1a: Lee Sin|0 fnt
|faint|p1a: Lee Sin
|
|upkeep
|
|t:|1748201606
|switch|p1a: Corki|Latias, F|55\/100
|-damage|p1a: Corki|43\/100|[from] Stealth Rock
|turn|21
|
|t:|1748201612
|switch|p2a: Tapu Bulu|Tapu Bulu|49\/100
|-damage|p2a: Tapu Bulu|36\/100|[from] Stealth Rock
|-fieldstart|move: Grassy Terrain|[from] ability: Grassy Surge|[of] p2a: Tapu Bulu
|move|p1a: Corki|Roost|p1a: Corki
|-heal|p1a: Corki|93\/100
|-singleturn|p1a: Corki|move: Roost
|
|-heal|p2a: Tapu Bulu|42\/100|[from] Grassy Terrain
|-heal|p2a: Tapu Bulu|49\/100|[from] item: Leftovers
|upkeep
|turn|22
|
|t:|1748201634
|move|p1a: Corki|Mist Ball|p2a: Tapu Bulu
|-damage|p2a: Tapu Bulu|5\/100
|-damage|p1a: Corki|83\/100|[from] item: Life Orb
|move|p2a: Tapu Bulu|Darkest Lariat|p1a: Corki
|-supereffective|p1a: Corki
|-damage|p1a: Corki|31\/100
|
|-heal|p2a: Tapu Bulu|11\/100|[from] Grassy Terrain
|-heal|p2a: Tapu Bulu|17\/100|[from] item: Leftovers
|upkeep
|turn|23
|
|t:|1748201644
|move|p1a: Corki|Mist Ball|p2a: Tapu Bulu
|-damage|p2a: Tapu Bulu|0 fnt
|faint|p2a: Tapu Bulu
|-damage|p1a: Corki|21\/100|[from] item: Life Orb
|
|upkeep
|
|t:|1748201678
|switch|p2a: Blastoise|Blastoise, M|100\/100
|-damage|p2a: Blastoise|88\/100|[from] Stealth Rock
|turn|24
|
|t:|1748201687
|move|p1a: Corki|Roost|p1a: Corki
|-heal|p1a: Corki|71\/100
|-singleturn|p1a: Corki|move: Roost
|move|p2a: Blastoise|Shell Smash|p2a: Blastoise
|-unboost|p2a: Blastoise|def|1
|-unboost|p2a: Blastoise|spd|1
|-boost|p2a: Blastoise|atk|2
|-boost|p2a: Blastoise|spa|2
|-boost|p2a: Blastoise|spe|2
|-enditem|p2a: Blastoise|White Herb
|-clearnegativeboost|p2a: Blastoise|[silent]
|
|-heal|p2a: Blastoise|94\/100|[from] Grassy Terrain
|upkeep
|turn|25
|
|t:|1748201704
|move|p2a: Blastoise|Dragon Pulse|p1a: Corki
|-supereffective|p1a: Corki
|-damage|p1a: Corki|3\/100
|move|p1a: Corki|Tailwind|p1a: Corki
|-sidestart|p1: kingjulian200|move: Tailwind
|
|-heal|p2a: Blastoise|99\/100|[from] Grassy Terrain
|-fieldend|move: Grassy Terrain
|upkeep
|turn|26
|
|t:|1748201717
|move|p1a: Corki|Draco Meteor|p2a: Blastoise
|-damage|p2a: Blastoise|40\/100
|-unboost|p1a: Corki|spa|2
|-damage|p1a: Corki|0 fnt|[from] item: Life Orb
|faint|p1a: Corki
|move|p2a: Blastoise|Rapid Spin|p1: Corki|[notarget]
|-fail|p2a: Blastoise
|
|upkeep
|
|t:|1748201730
|switch|p1a: Mel|Gardevoir, M|100\/100
|-damage|p1a: Mel|88\/100|[from] Stealth Rock
|turn|27
|
|t:|1748201738
|detailschange|p1a: Mel|Gardevoir-Mega, M
|-mega|p1a: Mel|Gardevoir|Gardevoirite
|move|p1a: Mel|Hyper Voice|p2a: Blastoise
|-damage|p2a: Blastoise|0 fnt
|faint|p2a: Blastoise
|
|upkeep
|
|t:|1748201768
|switch|p2a: Dragapult|Dragapult, M|100\/100
|-damage|p2a: Dragapult|88\/100|[from] Stealth Rock
|turn|28
|
|t:|1748201774
|move|p2a: Dragapult|Shadow Ball|p1a: Mel
|-supereffective|p1a: Mel
|-damage|p1a: Mel|21\/100
|move|p1a: Mel|Hyper Voice|p2a: Dragapult
|-supereffective|p2a: Dragapult
|-damage|p2a: Dragapult|0 fnt
|faint|p2a: Dragapult
|
|-sideend|p1: kingjulian200|move: Tailwind
|upkeep
|
|t:|1748201782
|switch|p2a: Gallade|Gallade, M, tera:Grass|94\/100
|-damage|p2a: Gallade|82\/100|[from] Stealth Rock
|turn|29
|
|t:|1748201835
|move|p2a: Gallade|Sacred Sword|p1a: Mel
|-resisted|p1a: Mel
|-damage|p1a: Mel|0 fnt
|faint|p1a: Mel
|detailschange|p1: Mel|Gardevoir, M|[silent]
|
|upkeep
|j| tokingpanda
|
|t:|1748201852
|switch|p1a: Darius|Bisharp, M|78\/100
|-damage|p1a: Darius|72\/100|[from] Stealth Rock
|turn|30
|
|t:|1748201856
|move|p1a: Darius|Sucker Punch|p2a: Gallade
|-damage|p2a: Gallade|16\/100
|move|p2a: Gallade|Sacred Sword|p1a: Darius
|-supereffective|p1a: Darius
|-damage|p1a: Darius|0 fnt
|faint|p1a: Darius
|
|upkeep
|
|t:|1748201861
|switch|p1a: Rell|Aurorus, M, tera:Electric|15\/100
|-damage|p1a: Rell|3\/100|[from] Stealth Rock
|turn|31
|
|t:|1748201870
|move|p2a: Gallade|Sacred Sword|p1a: Rell
|-damage|p1a: Rell|0 fnt
|faint|p1a: Rell
|
|win|DaddyNeedsYou-_-
|c|☆kingjulian200|ggs

</script>
</div>
<div class="battle-log battle-log-inline"><div class="inner"><div class="battle-options"></div><div class="inner message-log"><div class="chat"><small>☆kingjulian200 and ☆DaddyNeedsYou-_- joined</small></div><div class=""><small>Format:</small> <br><strong>[Gen 9] NatDex Draft</strong></div><div class=""><small><em>Sleep Clause Mod:</em> Limit one foe put to sleep</small></div><div class=""><small><em>OHKO Clause:</em> OHKO moves are banned</small></div><div class=""><small><em>Evasion Clause:</em> Evasion abilities, items, and moves are banned</small></div><div class=""><small><em>Evasion Abilities Clause:</em> Evasion abilities are banned</small></div><div class=""><small><em>Evasion Items Clause:</em> Evasion items are banned</small></div><div class=""><small><em>Evasion Moves Clause:</em> Evasion moves are banned</small></div><div class=""><small><em>Endless Battle Clause:</em> Forcing endless battles is banned</small></div><div class=""><small><em>HP Percentage Mod:</em> HP is shown in percentages</small></div><div class="chat battle-history"><strong>kingjulian200's team:</strong> <em style="color:#445566;display:block;">Urshifu-* / Gholdengo / Aurorus / Latias / Gardevoir / Bisharp</em></div><div class="chat battle-history"><strong>DaddyNeedsYou-_-'s team:</strong> <em style="color:#445566;display:block;">Dragapult / Gallade / Nihilego / Tapu Bulu / Celesteela / Blastoise</em></div><div class="chat chatmessage-kingjulian200"><strong style="color:#ab4d21"><small class="groupsymbol">☆</small><span class="username">kingjulian200</span>:</strong> <em>glhf!</em></div><div class="chat chatmessage-daddyneedsyou"><strong style="color:#969c25"><small class="groupsymbol">☆</small><span class="username">DaddyNeedsYou-_-</span>:</strong> <em>glhf!</em></div><div class="spacer battle-history"><br></div><div class="battle-history">Battle started between kingjulian200 and DaddyNeedsYou-_-!<br></div><div class="spacer battle-history"><br></div><div class="battle-history">Go! Corki (<strong>Latias</strong>)!<br></div><div class="spacer battle-history"><br></div><div class="battle-history">DaddyNeedsYou-_- sent out <strong>Nihilego</strong>!<br></div><div class="spacer battle-history"><br></div><h2 class="battle-history">Turn 1</h2><div class="spacer battle-history"><br></div><div class="battle-history">Corki used <strong>Tailwind</strong>!<br></div><div class="battle-history"><small>The Tailwind blew from behind your team!</small><br></div><div class="spacer battle-history"><br></div><div class="battle-history">The opposing Nihilego used <strong>Stealth Rock</strong>!<br></div><div class="battle-history"><small>Pointed stones float in the air around your team!</small><br></div><div class="spacer battle-history"><br></div><h2 class="battle-history">Turn 2</h2><div class="spacer battle-history"><br></div><div class="battle-history">Corki used <strong>Mist Ball</strong>!<br></div><div class="battle-history"><small>It's super effective!</small><br></div><div class="battle-history"><small>(The opposing Nihilego lost 70% of its health!)</small><br></div><div class="battle-history"><small>The opposing Nihilego's Sp. Atk fell!</small><br></div><div class="battle-history"><small>Corki lost some of its HP!</small><br></div><div class="spacer battle-history"><br></div><div class="battle-history">The opposing Nihilego used <strong>Sludge Wave</strong>!<br></div><div class="battle-history"><small>(Corki lost 26% of its health!)</small><br></div><div class="spacer battle-history"><br></div><h2 class="battle-history">Turn 3</h2><div class="spacer battle-history"><br></div><div class="battle-history">Corki used <strong>Mist Ball</strong>!<br></div><div class="battle-history"><small>It's super effective!</small><br></div><div class="battle-history"><small>(The opposing Nihilego lost 30% of its health!)</small><br></div><div class="spacer battle-history"><br></div><div class="battle-history">The opposing Nihilego fainted!<br></div><div class="battle-history"><small>Corki lost some of its HP!</small><br></div><div class="spacer battle-history"><br></div><div class="battle-history">DaddyNeedsYou-_- sent out <strong>Tapu Bulu</strong>!<br></div><div class="battle-history">[The opposing Tapu Bulu's Grassy Surge]<br><small>Grass grew to cover the battlefield!</small><br></div><div class="spacer battle-history"><br></div><h2 class="battle-history">Turn 4</h2><div class="spacer battle-history"><br></div><div class="battle-history">Corki, come back!<br></div><div class="battle-history">Go! Ekko (<strong>Gholdengo</strong>)!<br></div><div class="battle-history"><small>Pointed stones dug into Ekko!</small><br></div><div class="spacer battle-history"><br></div><div class="battle-history">The opposing Tapu Bulu used <strong>Substitute</strong>!<br></div><div class="battle-history"><small>The opposing Tapu Bulu put in a substitute!</small><br></div><div class="battle-history"><small>(The opposing Tapu Bulu lost 24% of its health!)</small><br></div><div class="spacer battle-history"><br></div><div class="battle-history"><small>Ekko's HP was restored.</small><br></div><div class="battle-history"><small>The opposing Tapu Bulu's HP was restored.</small><br></div><div class="battle-history"><small>The opposing Tapu Bulu restored a little HP using its Leftovers!</small><br></div><div class="battle-history"><small>Your team's Tailwind petered out!</small><br></div><div class="spacer battle-history"><br></div><h2 class="battle-history">Turn 5</h2><div class="spacer battle-history"><br></div><div class="battle-history">Ekko used <strong>Shadow Ball</strong>!<br></div><div class="battle-history"><small>The opposing Tapu Bulu's substitute faded!</small><br></div><div class="battle-history"><small>Ekko lost some of its HP!</small><br></div><div class="spacer battle-history"><br></div><div class="battle-history">The opposing Tapu Bulu used <strong>Darkest Lariat</strong>!<br></div><div class="battle-history"><small>It's super effective!</small><br></div><div class="battle-history"><small>(Ekko lost 59% of its health!)</small><br></div><div class="spacer battle-history"><br></div><div class="battle-history"><small>Ekko's HP was restored.</small><br></div><div class="battle-history"><small>The opposing Tapu Bulu's HP was restored.</small><br></div><div class="battle-history"><small>The opposing Tapu Bulu restored a little HP using its Leftovers!</small><br></div><div class="spacer battle-history"><br></div><h2 class="battle-history">Turn 6</h2><div class="spacer battle-history"><br></div><div class="battle-history">DaddyNeedsYou-_- withdrew Tapu Bulu!<br></div><div class="battle-history">DaddyNeedsYou-_- sent out <strong>Celesteela</strong>!<br></div><div class="spacer battle-history"><br></div><div class="battle-history">Ekko used <strong>Make It Rain</strong>!<br></div><div class="battle-history"><small>It's not very effective...</small><br></div><div class="battle-history"><small>(The opposing Celesteela lost 33% of its health!)</small><br></div><div class="battle-history"><small>Ekko's Sp. Atk fell!</small><br></div><div class="battle-history"><small>Ekko lost some of its HP!</small><br></div><div class="spacer battle-history"><br></div><div class="battle-history"><small>Ekko's HP was restored.</small><br></div><div class="battle-history"><small>The opposing Celesteela restored a little HP using its Leftovers!</small><br></div><div class="spacer battle-history"><br></div><h2 class="battle-history">Turn 7</h2><div class="spacer battle-history"><br></div><div class="battle-history">Ekko used <strong>Rest</strong>!<br></div><div class="battle-history"><small>Ekko slept and became healthy!</small><br></div><div class="spacer battle-history"><br></div><div class="battle-history">The opposing Celesteela used <strong>Flamethrower</strong>!<br></div><div class="battle-history"><small>It's super effective!</small><br></div><div class="battle-history"><small>(Ekko lost 49% of its health!)</small><br></div><div class="spacer battle-history"><br></div><div class="battle-history"><small>Ekko's HP was restored.</small><br></div><div class="battle-history"><small>The opposing Celesteela restored a little HP using its Leftovers!</small><br></div><div class="spacer battle-history"><br></div><h2 class="battle-history">Turn 8</h2><div class="spacer battle-history"><br></div><div class="battle-history">Ekko is fast asleep.<br></div><div class="spacer battle-history"><br></div><div class="battle-history">The opposing Celesteela used <strong>Leech Seed</strong>!<br></div><div class="battle-history">[Ekko's Good as Gold]<br><small>It doesn't affect Ekko...</small><br></div><div class="spacer battle-history"><br></div><div class="battle-history"><small>Ekko's HP was restored.</small><br></div><div class="battle-history"><small>The opposing Celesteela restored a little HP using its Leftovers!</small><br></div><div class="battle-history"><small>The grass disappeared from the battlefield.</small><br></div><div class="spacer battle-history"><br></div><h2 class="battle-history">Turn 9</h2><div class="chat chatmessage-daddyneedsyou"><strong style="color:#969c25"><small class="groupsymbol">☆</small><span class="username">DaddyNeedsYou-_-</span>:</strong> <em>I forget that good as gold is a thing</em></div><div class="spacer battle-history"><br></div><div class="battle-history">Ekko is fast asleep.<br></div><div class="spacer battle-history"><br></div><div class="battle-history">The opposing Celesteela used <strong>Flamethrower</strong>!<br></div><div class="battle-history"><small>It's super effective!</small><br></div><div class="battle-history"><small>(Ekko lost 49% of its health!)</small><br></div><div class="spacer battle-history"><br></div><div class="battle-history"><small>The opposing Celesteela restored a little HP using its Leftovers!</small><br></div><div class="spacer battle-history"><br></div><h2 class="battle-history">Turn 10</h2><div class="chat chatmessage-kingjulian200"><strong style="color:#ab4d21"><small class="groupsymbol">☆</small><span class="username">kingjulian200</span>:</strong> <em>:D</em></div><div class="spacer battle-history"><br></div><div class="battle-history"><small>Ekko woke up!</small><br></div><div class="spacer battle-history"><br></div><div class="battle-history">Ekko used <strong>Shadow Ball</strong>!<br></div><div class="battle-history"><small>(The opposing Celesteela lost 34% of its health!)</small><br></div><div class="battle-history"><small>Ekko lost some of its HP!</small><br></div><div class="spacer battle-history"><br></div><div class="battle-history">The opposing Celesteela used <strong>Flamethrower</strong>!<br></div><div class="battle-history"><small>It's super effective!</small><br></div><div class="battle-history"><small>(Ekko lost 6% of its health!)</small><br></div><div class="spacer battle-history"><br></div><div class="battle-history">Ekko fainted!<br></div><div class="battle-history">[The opposing Celesteela's Beast Boost]<br></div><div class="battle-history"><small>The opposing Celesteela's Defense rose!</small><br></div><div class="spacer battle-history"><br></div><div class="battle-history"><small>The opposing Celesteela restored a little HP using its Leftovers!</small><br></div><div class="spacer battle-history"><br></div><div class="battle-history">Go! Rell (<strong>Aurorus</strong>)!<br></div><div class="battle-history"><small>Pointed stones dug into Rell!</small><br></div><div class="spacer battle-history"><br></div><h2 class="battle-history">Turn 11</h2><div class="spacer battle-history"><br></div><div class="battle-history"><small>Rell has Terastallized into the Electric-type!</small><br></div><div class="spacer battle-history"><br></div><div class="battle-history">The opposing Celesteela used <strong>Protect</strong>!<br></div><div class="battle-history"><small>The opposing Celesteela protected itself!</small><br></div><div class="spacer battle-history"><br></div><div class="battle-history">Rell used <strong>Thunderbolt</strong>!<br></div><div class="battle-history"><small>The opposing Celesteela protected itself!</small><br></div><div class="spacer battle-history"><br></div><div class="battle-history"><small>The opposing Celesteela restored a little HP using its Leftovers!</small><br></div><div class="spacer battle-history"><br></div><h2 class="battle-history">Turn 12</h2><div class="spacer battle-history"><br></div><div class="battle-history">DaddyNeedsYou-_- withdrew Celesteela!<br></div><div class="battle-history">DaddyNeedsYou-_- sent out <strong>Tapu Bulu</strong>!<br></div><div class="battle-history">[The opposing Tapu Bulu's Grassy Surge]<br><small>Grass grew to cover the battlefield!</small><br></div><div class="spacer battle-history"><br></div><div class="battle-history">Rell used <strong>Freeze-Dry</strong>!<br></div><div class="battle-history"><small>It's super effective!</small><br></div><div class="battle-history"><small>(The opposing Tapu Bulu lost 58% of its health!)</small><br></div><div class="spacer battle-history"><br></div><div class="battle-history"><small>The opposing Tapu Bulu's HP was restored.</small><br></div><div class="battle-history"><small>The opposing Tapu Bulu restored a little HP using its Leftovers!</small><br></div><div class="battle-history"><small>Rell's HP was restored.</small><br></div><div class="spacer battle-history"><br></div><h2 class="battle-history">Turn 13</h2><div class="spacer battle-history"><br></div><div class="battle-history">The opposing Tapu Bulu used <strong>Horn Leech</strong>!<br></div><div class="battle-history"><small>(Rell lost 42% of its health!)</small><br></div><div class="battle-history"><small>Rell had its energy drained!</small><br></div><div class="spacer battle-history"><br></div><div class="battle-history">Rell used <strong>Freeze-Dry</strong>!<br></div><div class="battle-history"><small>It's super effective!</small><br></div><div class="battle-history"><small>(The opposing Tapu Bulu lost 51% of its health!)</small><br></div><div class="spacer battle-history"><br></div><div class="battle-history"><small>The opposing Tapu Bulu's HP was restored.</small><br></div><div class="battle-history"><small>The opposing Tapu Bulu restored a little HP using its Leftovers!</small><br></div><div class="battle-history"><small>Rell's HP was restored.</small><br></div><div class="spacer battle-history"><br></div><h2 class="battle-history">Turn 14</h2><div class="spacer battle-history"><br></div><div class="battle-history">The opposing Tapu Bulu used <strong>Horn Leech</strong>!<br></div><div class="battle-history"><small>(Rell lost 38% of its health!)</small><br></div><div class="battle-history"><small>Rell had its energy drained!</small><br></div><div class="spacer battle-history"><br></div><div class="battle-history">Rell used <strong>Freeze-Dry</strong>!<br></div><div class="battle-history"><small>It's super effective!</small><br></div><div class="battle-history"><small>(The opposing Tapu Bulu lost 51% of its health!)</small><br></div><div class="spacer battle-history"><br></div><div class="battle-history"><small>The opposing Tapu Bulu's HP was restored.</small><br></div><div class="battle-history"><small>The opposing Tapu Bulu restored a little HP using its Leftovers!</small><br></div><div class="battle-history"><small>Rell's HP was restored.</small><br></div><div class="spacer battle-history"><br></div><h2 class="battle-history">Turn 15</h2><div class="spacer battle-history"><br></div><div class="battle-history">Rell, come back!<br></div><div class="battle-history">Go! Darius (<strong>Bisharp</strong>)!<br></div><div class="battle-history"><small>Pointed stones dug into Darius!</small><br></div><div class="spacer battle-history"><br></div><div class="battle-history">The opposing Tapu Bulu used <strong>Horn Leech</strong>!<br></div><div class="battle-history"><small>It's not very effective...</small><br></div><div class="battle-history"><small>(Darius lost 16% of its health!)</small><br></div><div class="battle-history"><small>Darius had its energy drained!</small><br></div><div class="spacer battle-history"><br></div><div class="battle-history"><small>The opposing Tapu Bulu's HP was restored.</small><br></div><div class="battle-history"><small>The opposing Tapu Bulu restored a little HP using its Leftovers!</small><br></div><div class="battle-history"><small>Darius's HP was restored.</small><br></div><div class="spacer battle-history"><br></div><h2 class="battle-history">Turn 16</h2><div class="spacer battle-history"><br></div><div class="battle-history">DaddyNeedsYou-_- withdrew Tapu Bulu!<br></div><div class="battle-history">DaddyNeedsYou-_- sent out <strong>Celesteela</strong>!<br></div><div class="spacer battle-history"><br></div><div class="battle-history">Darius used <strong>Knock Off</strong>!<br></div><div class="battle-history"><small>(The opposing Celesteela lost 29% of its health!)</small><br></div><div class="battle-history"><small>Darius knocked off the opposing Celesteela's Leftovers!</small><br></div><div class="spacer battle-history"><br></div><div class="battle-history"><small>Darius's HP was restored.</small><br></div><div class="battle-history"><small>The grass disappeared from the battlefield.</small><br></div><div class="spacer battle-history"><br></div><h2 class="battle-history">Turn 17</h2><div class="spacer battle-history"><br></div><div class="battle-history">Darius used <strong>Stealth Rock</strong>!<br></div><div class="battle-history"><small>Pointed stones float in the air around the opposing team!</small><br></div><div class="spacer battle-history"><br></div><div class="battle-history">The opposing Celesteela used <strong>Leech Seed</strong>!<br></div><div class="battle-history"><small>Darius was seeded!</small><br></div><div class="spacer battle-history"><br></div><div class="battle-history"><small>Darius's health is sapped by Leech Seed!</small><br></div><div class="spacer battle-history"><br></div><h2 class="battle-history">Turn 18</h2><div class="spacer battle-history"><br></div><div class="battle-history">Darius, come back!<br></div><div class="battle-history">Go! Lee Sin (<strong>Urshifu-Rapid-Strike</strong>)!<br></div><div class="battle-history"><small>Pointed stones dug into Lee Sin!</small><br></div><div class="spacer battle-history"><br></div><div class="battle-history">The opposing Celesteela used <strong>Flamethrower</strong>!<br></div><div class="battle-history"><small>It's not very effective...</small><br></div><div class="battle-history"><small>(Lee Sin lost 15% of its health!)</small><br></div><div class="spacer battle-history"><br></div><h2 class="battle-history">Turn 19</h2><div class="spacer battle-history"><br></div><div class="battle-history">Lee Sin used <strong>Surging Strikes</strong>!<br></div><div class="battle-history"><small>A critical hit!</small><br></div><div class="battle-history"><small>(The opposing Celesteela lost 21% of its health!)</small><br></div><div class="battle-history"><small>A critical hit!</small><br></div><div class="battle-history"><small>(The opposing Celesteela lost 18% of its health!)</small><br></div><div class="battle-history"><small>A critical hit!</small><br></div><div class="battle-history"><small>(The opposing Celesteela lost 13% of its health!)</small><br></div><div class="spacer battle-history"><br></div><div class="battle-history">The opposing Celesteela fainted!<br></div><div class="battle-history"><small>The Pokémon was hit 3 times!</small><br></div><div class="spacer battle-history"><br></div><div class="battle-history">DaddyNeedsYou-_- sent out <strong>Gallade</strong>!<br></div><div class="battle-history"><small>Pointed stones dug into the opposing Gallade!</small><br></div><div class="spacer battle-history"><br></div><h2 class="battle-history">Turn 20</h2><div class="spacer battle-history"><br></div><div class="battle-history"><small>The opposing Gallade has Terastallized into the Grass-type!</small><br></div><div class="spacer battle-history"><br></div><div class="battle-history">The opposing Gallade used <strong>Leaf Blade</strong>!<br></div><div class="battle-history"><small>It's super effective!</small><br></div><div class="battle-history"><small>A critical hit!</small><br></div><div class="battle-history"><small>(Lee Sin lost 79% of its health!)</small><br></div><div class="spacer battle-history"><br></div><div class="battle-history">Lee Sin fainted!<br></div><div class="spacer battle-history"><br></div><div class="battle-history">Go! Corki (<strong>Latias</strong>)!<br></div><div class="battle-history"><small>Pointed stones dug into Corki!</small><br></div><div class="spacer battle-history"><br></div><h2 class="battle-history">Turn 21</h2><div class="spacer battle-history"><br></div><div class="battle-history">DaddyNeedsYou-_- withdrew Gallade!<br></div><div class="battle-history">DaddyNeedsYou-_- sent out <strong>Tapu Bulu</strong>!<br></div><div class="battle-history"><small>Pointed stones dug into the opposing Tapu Bulu!</small><br></div><div class="battle-history">[The opposing Tapu Bulu's Grassy Surge]<br><small>Grass grew to cover the battlefield!</small><br></div><div class="spacer battle-history"><br></div><div class="battle-history">Corki used <strong>Roost</strong>!<br></div><div class="battle-history"><small>Corki had its HP restored.</small><br></div><div class="spacer battle-history"><br></div><div class="battle-history"><small>The opposing Tapu Bulu's HP was restored.</small><br></div><div class="battle-history"><small>The opposing Tapu Bulu restored a little HP using its Leftovers!</small><br></div><div class="spacer battle-history"><br></div><h2 class="battle-history">Turn 22</h2><div class="spacer battle-history"><br></div><div class="battle-history">Corki used <strong>Mist Ball</strong>!<br></div><div class="battle-history"><small>(The opposing Tapu Bulu lost 44% of its health!)</small><br></div><div class="battle-history"><small>Corki lost some of its HP!</small><br></div><div class="spacer battle-history"><br></div><div class="battle-history">The opposing Tapu Bulu used <strong>Darkest Lariat</strong>!<br></div><div class="battle-history"><small>It's super effective!</small><br></div><div class="battle-history"><small>(Corki lost 52% of its health!)</small><br></div><div class="spacer battle-history"><br></div><div class="battle-history"><small>The opposing Tapu Bulu's HP was restored.</small><br></div><div class="battle-history"><small>The opposing Tapu Bulu restored a little HP using its Leftovers!</small><br></div><div class="spacer battle-history"><br></div><h2 class="battle-history">Turn 23</h2><div class="spacer battle-history"><br></div><div class="battle-history">Corki used <strong>Mist Ball</strong>!<br></div><div class="battle-history"><small>(The opposing Tapu Bulu lost 17% of its health!)</small><br></div><div class="spacer battle-history"><br></div><div class="battle-history">The opposing Tapu Bulu fainted!<br></div><div class="battle-history"><small>Corki lost some of its HP!</small><br></div><div class="spacer battle-history"><br></div><div class="battle-history">DaddyNeedsYou-_- sent out <strong>Blastoise</strong>!<br></div><div class="battle-history"><small>Pointed stones dug into the opposing Blastoise!</small><br></div><div class="spacer battle-history"><br></div><h2 class="battle-history">Turn 24</h2><div class="spacer battle-history"><br></div><div class="battle-history">Corki used <strong>Roost</strong>!<br></div><div class="battle-history"><small>Corki had its HP restored.</small><br></div><div class="spacer battle-history"><br></div><div class="battle-history">The opposing Blastoise used <strong>Shell Smash</strong>!<br></div><div class="battle-history"><small>The opposing Blastoise's Defense fell!</small><br></div><div class="battle-history"><small>The opposing Blastoise's Sp. Def fell!</small><br></div><div class="battle-history"><small>The opposing Blastoise's Attack rose sharply!</small><br></div><div class="battle-history"><small>The opposing Blastoise's Sp. Atk rose sharply!</small><br></div><div class="battle-history"><small>The opposing Blastoise's Speed rose sharply!</small><br></div><div class="battle-history"><small>The opposing Blastoise returned its stats to normal using its White Herb!</small><br></div><div class="spacer battle-history"><br></div><div class="battle-history"><small>The opposing Blastoise's HP was restored.</small><br></div><div class="spacer battle-history"><br></div><h2 class="battle-history">Turn 25</h2><div class="spacer battle-history"><br></div><div class="battle-history">The opposing Blastoise used <strong>Dragon Pulse</strong>!<br></div><div class="battle-history"><small>It's super effective!</small><br></div><div class="battle-history"><small>(Corki lost 68% of its health!)</small><br></div><div class="spacer battle-history"><br></div><div class="battle-history">Corki used <strong>Tailwind</strong>!<br></div><div class="battle-history"><small>The Tailwind blew from behind your team!</small><br></div><div class="spacer battle-history"><br></div><div class="battle-history"><small>The opposing Blastoise's HP was restored.</small><br></div><div class="battle-history"><small>The grass disappeared from the battlefield.</small><br></div><div class="spacer battle-history"><br></div><h2 class="battle-history">Turn 26</h2><div class="spacer battle-history"><br></div><div class="battle-history">Corki used <strong>Draco Meteor</strong>!<br></div><div class="battle-history"><small>(The opposing Blastoise lost 59% of its health!)</small><br></div><div class="battle-history"><small>Corki's Sp. Atk fell harshly!</small><br></div><div class="battle-history"><small>Corki lost some of its HP!</small><br></div><div class="spacer battle-history"><br></div><div class="battle-history">Corki fainted!<br></div><div class="battle-history">The opposing Blastoise used <strong>Rapid Spin</strong>!<br></div><div class="battle-history"><small>But it failed!</small><br></div><div class="spacer battle-history"><br></div><div class="battle-history">Go! Mel (<strong>Gardevoir</strong>)!<br></div><div class="battle-history"><small>Pointed stones dug into Mel!</small><br></div><div class="spacer battle-history"><br></div><h2 class="battle-history">Turn 27</h2><div class="spacer battle-history"><br></div><div class="battle-history"><small>Mel's Gardevoirite is reacting to the Key Stone!</small><br>Mel has Mega Evolved into Mega Gardevoir!<br></div><div class="spacer battle-history"><br></div><div class="battle-history">Mel used <strong>Hyper Voice</strong>!<br></div><div class="battle-history"><small>(The opposing Blastoise lost 40% of its health!)</small><br></div><div class="spacer battle-history"><br></div><div class="battle-history">The opposing Blastoise fainted!<br></div><div class="spacer battle-history"><br></div><div class="battle-history">DaddyNeedsYou-_- sent out <strong>Dragapult</strong>!<br></div><div class="battle-history"><small>Pointed stones dug into the opposing Dragapult!</small><br></div><div class="spacer battle-history"><br></div><h2 class="battle-history">Turn 28</h2><div class="spacer battle-history"><br></div><div class="battle-history">The opposing Dragapult used <strong>Shadow Ball</strong>!<br></div><div class="battle-history"><small>It's super effective!</small><br></div><div class="battle-history"><small>(Mel lost 67% of its health!)</small><br></div><div class="spacer battle-history"><br></div><div class="battle-history">Mel used <strong>Hyper Voice</strong>!<br></div><div class="battle-history"><small>It's super effective!</small><br></div><div class="battle-history"><small>(The opposing Dragapult lost 88% of its health!)</small><br></div><div class="spacer battle-history"><br></div><div class="battle-history">The opposing Dragapult fainted!<br></div><div class="spacer battle-history"><br></div><div class="battle-history"><small>Your team's Tailwind petered out!</small><br></div><div class="spacer battle-history"><br></div><div class="battle-history">DaddyNeedsYou-_- sent out <strong>Gallade</strong>!<br></div><div class="battle-history"><small>Pointed stones dug into the opposing Gallade!</small><br></div><div class="spacer battle-history"><br></div><h2 class="battle-history">Turn 29</h2><div class="spacer battle-history"><br></div><div class="battle-history">The opposing Gallade used <strong>Sacred Sword</strong>!<br></div><div class="battle-history"><small>It's not very effective...</small><br></div><div class="battle-history"><small>(Mel lost 21% of its health!)</small><br></div><div class="spacer battle-history"><br></div><div class="battle-history">Mel fainted!<br></div><div class="chat"><small> tokingpanda joined</small></div><div class="spacer battle-history"><br></div><div class="battle-history">Go! Darius (<strong>Bisharp</strong>)!<br></div><div class="battle-history"><small>Pointed stones dug into Darius!</small><br></div><div class="spacer battle-history"><br></div><h2 class="battle-history">Turn 30</h2><div class="spacer battle-history"><br></div><div class="battle-history">Darius used <strong>Sucker Punch</strong>!<br></div><div class="battle-history"><small>(The opposing Gallade lost 66% of its health!)</small><br></div><div class="spacer battle-history"><br></div><div class="battle-history">The opposing Gallade used <strong>Sacred Sword</strong>!<br></div><div class="battle-history"><small>It's super effective!</small><br></div><div class="battle-history"><small>(Darius lost 72% of its health!)</small><br></div><div class="spacer battle-history"><br></div><div class="battle-history">Darius fainted!<br></div><div class="spacer battle-history"><br></div><div class="battle-history">Go! Rell (<strong>Aurorus</strong>)!<br></div><div class="battle-history"><small>Pointed stones dug into Rell!</small><br></div><div class="spacer battle-history"><br></div><h2 class="battle-history">Turn 31</h2><div class="spacer battle-history"><br></div><div class="battle-history">The opposing Gallade used <strong>Sacred Sword</strong>!<br></div><div class="battle-history"><small>(Rell lost 3% of its health!)</small><br></div><div class="spacer battle-history"><br></div><div class="battle-history">Rell fainted!<br></div><div class="spacer battle-history"><br></div><div class="battle-history"><strong>DaddyNeedsYou-_-</strong> won the battle!<br></div><div class="chat chatmessage-kingjulian200"><strong style="color:#ab4d21"><small class="groupsymbol">☆</small><span class="username">kingjulian200</span>:</strong> <em>ggs</em></div></div><div class="inner-preempt message-log"></div></div></div>
</div>
<script>
let daily = Math.floor(Date.now()/1000/60/60/24);document.write('<script src="https://play.pokemonshowdown.com/js/replay-embed.js?version'+daily+'"></'+'script>');
</script>
