<!DOCTYPE html>
<meta charset="utf-8" />
<!-- version 1 -->
<title>[Gen 9] NatDex Draft replay: DaddyNeedsYou-_- vs. mew2army</title>
<style>
html,body {font-family:Verdana, sans-serif;font-size:10pt;margin:0;padding:0;}body{padding:12px 0;} .battle-log {font-family:Verdana, sans-serif;font-size:10pt;} .battle-log-inline {border:1px solid #AAAAAA;background:#EEF2F5;color:black;max-width:640px;margin:0 auto 80px;padding-bottom:5px;} .battle-log .inner {padding:4px 8px 0px 8px;} .battle-log .inner-preempt {padding:0 8px 4px 8px;} .battle-log .inner-after {margin-top:0.5em;} .battle-log h2 {margin:0.5em -8px;padding:4px 8px;border:1px solid #AAAAAA;background:#E0E7EA;border-left:0;border-right:0;font-family:Verdana, sans-serif;font-size:13pt;} .battle-log .chat {vertical-align:middle;padding:3px 0 3px 0;font-size:8pt;} .battle-log .chat strong {color:#40576A;} .battle-log .chat em {padding:1px 4px 1px 3px;color:#000000;font-style:normal;} .chat.mine {background:rgba(0,0,0,0.05);margin-left:-8px;margin-right:-8px;padding-left:8px;padding-right:8px;} .spoiler {color:#BBBBBB;background:#BBBBBB;padding:0px 3px;} .spoiler:hover, .spoiler:active, .spoiler-shown {color:#000000;background:#E2E2E2;padding:0px 3px;} .spoiler a {color:#BBBBBB;} .spoiler:hover a, .spoiler:active a, .spoiler-shown a {color:#2288CC;} .chat code, .chat .spoiler:hover code, .chat .spoiler:active code, .chat .spoiler-shown code {border:1px solid #C0C0C0;background:#EEEEEE;color:black;padding:0 2px;} .chat .spoiler code {border:1px solid #CCCCCC;background:#CCCCCC;color:#CCCCCC;} .battle-log .rated {padding:3px 4px;} .battle-log .rated strong {color:white;background:#89A;padding:1px 4px;border-radius:4px;} .spacer {margin-top:0.5em;} .message-announce {background:#6688AA;color:white;padding:1px 4px 2px;} .message-announce a, .broadcast-green a, .broadcast-blue a, .broadcast-red a {color:#DDEEFF;} .broadcast-green {background-color:#559955;color:white;padding:2px 4px;} .broadcast-blue {background-color:#6688AA;color:white;padding:2px 4px;} .infobox {border:1px solid #6688AA;padding:2px 4px;} .infobox-limited {max-height:200px;overflow:auto;overflow-x:hidden;} .broadcast-red {background-color:#AA5544;color:white;padding:2px 4px;} .message-learn-canlearn {font-weight:bold;color:#228822;text-decoration:underline;} .message-learn-cannotlearn {font-weight:bold;color:#CC2222;text-decoration:underline;} .message-effect-weak {font-weight:bold;color:#CC2222;} .message-effect-resist {font-weight:bold;color:#6688AA;} .message-effect-immune {font-weight:bold;color:#666666;} .message-learn-list {margin-top:0;margin-bottom:0;} .message-throttle-notice, .message-error {color:#992222;} .message-overflow, .chat small.message-overflow {font-size:0pt;} .message-overflow::before {font-size:9pt;content:'...';} .subtle {color:#3A4A66;}
</style>
<div class="wrapper replay-wrapper" style="max-width:1180px;margin:0 auto">
<input type="hidden" name="replayid" value="gen9natdexdraft-2366953320" />
<div class="battle"></div><div class="battle-log"></div><div class="replay-controls"></div><div class="replay-controls-2"></div>
<h1 style="font-weight:normal;text-align:center"><strong>[Gen 9] NatDex Draft</strong><br /><a href="http://pokemonshowdown.com/users/daddyneedsyou" class="subtle" target="_blank">DaddyNeedsYou-_-</a> vs. <a href="http://pokemonshowdown.com/users/mew2army" class="subtle" target="_blank">mew2army</a></h1>
<script type="text/plain" class="battle-log-data">
|j|☆DaddyNeedsYou-_-
|j|☆mew2army
|t:|1747619659
|gametype|singles
|player|p1|DaddyNeedsYou-_-|chuck|
|player|p2|mew2army|cynthia|
|teamsize|p1|6
|teamsize|p2|6
|gen|9
|tier|[Gen 9] NatDex Draft
|rule|Sleep Clause Mod: Limit one foe put to sleep
|rule|OHKO Clause: OHKO moves are banned
|rule|Evasion Clause: Evasion abilities, items, and moves are banned
|rule|Evasion Abilities Clause: Evasion abilities are banned
|rule|Evasion Items Clause: Evasion items are banned
|rule|Evasion Moves Clause: Evasion moves are banned
|rule|Endless Battle Clause: Forcing endless battles is banned
|rule|HP Percentage Mod: HP is shown in percentages
|clearpoke
|poke|p1|Celesteela|
|poke|p1|Mandibuzz, F|
|poke|p1|Cresselia, F|
|poke|p1|Gallade, M|
|poke|p1|Blastoise, F|
|poke|p1|Dragapult, F|
|poke|p2|Scizor, M|
|poke|p2|Palafin, F|
|poke|p2|Whimsicott, F|
|poke|p2|Ursaluna-Bloodmoon, M|
|poke|p2|Slither Wing|
|poke|p2|Thundurus-Therian, M|
|teampreview
|j| tokingpanda
|j| alonzita
|
|t:|1747619769
|start
|switch|p1a: Gallade|Gallade, M, shiny|100\/100
|switch|p2a: Thundurus|Thundurus-Therian, M|100\/100
|turn|1
|
|t:|1747619855
|-terastallize|p1a: Gallade|Grass
|move|p2a: Thundurus|Volt Switch|p1a: Gallade
|-resisted|p1a: Gallade
|-damage|p1a: Gallade|82\/100
|
|t:|1747619873
|switch|p2a: Slither Wing|Slither Wing|100\/100|[from] Volt Switch
|move|p1a: Gallade|Psycho Cut|p2a: Slither Wing
|-supereffective|p2a: Slither Wing
|-damage|p2a: Slither Wing|0 fnt
|faint|p2a: Slither Wing
|-end|p2a: Slither Wing|Protosynthesis|[silent]
|
|upkeep
|
|t:|1747619902
|switch|p2a: Palafin|Palafin, F|100\/100
|turn|2
|
|t:|1747619974
|switch|p1a: Celesteela|Celesteela|100\/100
|move|p2a: Palafin|Flip Turn|p1a: Celesteela
|-damage|p1a: Celesteela|86\/100
|
|t:|1747620004
|detailschange|p2a: Palafin|Palafin-Hero, F
|switch|p2a: Thundurus|Thundurus-Therian, M|100\/100|[from] Flip Turn
|
|-heal|p1a: Celesteela|92\/100|[from] item: Leftovers
|upkeep
|turn|3
|
|t:|1747620067
|switch|p1a: Cresselia|Cresselia, F|100\/100
|move|p2a: Thundurus|Volt Switch|p1a: Cresselia
|-damage|p1a: Cresselia|77\/100
|
|t:|1747620078
|switch|p2a: Scizor|Scizor, M|100\/100|[from] Volt Switch
|
|-heal|p1a: Cresselia|83\/100|[from] item: Leftovers
|upkeep
|turn|4
|
|t:|1747620139
|detailschange|p2a: Scizor|Scizor-Mega, M
|-mega|p2a: Scizor|Scizor|Scizorite
|move|p1a: Cresselia|Calm Mind|p1a: Cresselia
|-boost|p1a: Cresselia|spa|1
|-boost|p1a: Cresselia|spd|1
|move|p2a: Scizor|Knock Off|p1a: Cresselia
|-supereffective|p1a: Cresselia
|-damage|p1a: Cresselia|28\/100
|-enditem|p1a: Cresselia|Leftovers|[from] move: Knock Off|[of] p2a: Scizor
|
|upkeep
|turn|5
|
|t:|1747620158
|move|p1a: Cresselia|Moonlight|p1a: Cresselia
|-heal|p1a: Cresselia|77\/100
|move|p2a: Scizor|Swords Dance|p2a: Scizor
|-boost|p2a: Scizor|atk|2
|
|upkeep
|turn|6
|
|t:|1747620246
|switch|p1a: Celesteela|Celesteela|92\/100
|move|p2a: Scizor|Swords Dance|p2a: Scizor
|-boost|p2a: Scizor|atk|2
|
|-heal|p1a: Celesteela|98\/100|[from] item: Leftovers
|upkeep
|turn|7
|
|t:|1747620294
|move|p2a: Scizor|Knock Off|p1a: Celesteela
|-damage|p1a: Celesteela|21\/100
|-enditem|p1a: Celesteela|Leftovers|[from] move: Knock Off|[of] p2a: Scizor
|move|p1a: Celesteela|Flamethrower|p2a: Scizor
|-supereffective|p2a: Scizor
|-damage|p2a: Scizor|16\/100
|
|upkeep
|turn|8
|
|t:|1747620322
|move|p2a: Scizor|Knock Off|p1a: Celesteela
|-damage|p1a: Celesteela|0 fnt
|faint|p1a: Celesteela
|
|upkeep
|
|t:|1747620352
|switch|p1a: Blastoise|Blastoise, F|100\/100
|turn|9
|
|t:|1747620437
|move|p2a: Scizor|Bullet Punch|p1a: Blastoise
|-resisted|p1a: Blastoise
|-damage|p1a: Blastoise|52\/100
|move|p1a: Blastoise|Liquidation|p2a: Scizor
|-damage|p2a: Scizor|0 fnt
|faint|p2a: Scizor
|detailschange|p2: Scizor|Scizor, M|[silent]
|
|-heal|p1a: Blastoise|58\/100|[from] item: Leftovers
|upkeep
|
|t:|1747620456
|switch|p2a: Thundurus|Thundurus-Therian, M|100\/100
|turn|10
|
|t:|1747620561
|switch|p1a: Dragapult|Dragapult, F|100\/100
|move|p2a: Thundurus|Volt Switch|p1a: Dragapult
|-resisted|p1a: Dragapult
|-damage|p1a: Dragapult|70\/100
|
|t:|1747620575
|switch|p2a: Whimsicott|Whimsicott, F|100\/100|[from] Volt Switch
|
|upkeep
|turn|11
|
|t:|1747620638
|-terastallize|p2a: Whimsicott|Fairy
|move|p1a: Dragapult|U-turn|p2a: Whimsicott
|-resisted|p2a: Whimsicott
|-damage|p2a: Whimsicott|76\/100
|-damage|p1a: Dragapult|60\/100|[from] item: Life Orb
|
|t:|1747620660
|switch|p1a: Cresselia|Cresselia, F|77\/100|[from] U-turn
|move|p2a: Whimsicott|Moonblast|p1a: Cresselia
|-damage|p1a: Cresselia|54\/100
|
|upkeep
|turn|12
|
|t:|1747620704
|move|p2a: Whimsicott|Shadow Ball|p1a: Cresselia
|-supereffective|p1a: Cresselia
|-damage|p1a: Cresselia|31\/100
|move|p1a: Cresselia|Moonlight|p1a: Cresselia
|-heal|p1a: Cresselia|81\/100
|
|upkeep
|turn|13
|
|t:|1747620718
|move|p2a: Whimsicott|Encore|p1a: Cresselia
|-start|p1a: Cresselia|Encore
|move|p1a: Cresselia|Moonlight|p1a: Cresselia
|-heal|p1a: Cresselia|100\/100
|
|upkeep
|turn|14
|
|t:|1747620751
|switch|p2a: Thundurus|Thundurus-Therian, M|100\/100
|switch|p1a: Blastoise|Blastoise, F|58\/100
|
|-heal|p1a: Blastoise|64\/100|[from] item: Leftovers
|upkeep
|turn|15
|l|☆mew2army
|player|p2|
|j|☆mew2army
|player|p2|mew2army|cynthia|
|
|t:|1747620837
|move|p1a: Blastoise|Fake Out|p2a: Thundurus
|-damage|p2a: Thundurus|83\/100
|cant|p2a: Thundurus|flinch
|
|-heal|p1a: Blastoise|70\/100|[from] item: Leftovers
|upkeep
|turn|16
|
|t:|1747620917
|move|p2a: Thundurus|Thunderbolt|p1a: Blastoise
|-supereffective|p1a: Blastoise
|-crit|p1a: Blastoise
|-damage|p1a: Blastoise|0 fnt
|faint|p1a: Blastoise
|
|upkeep
|
|t:|1747621028
|switch|p1a: Dragapult|Dragapult, F|60\/100
|turn|17
|
|t:|1747621069
|move|p2a: Thundurus|Thunderbolt|p1a: Dragapult
|-resisted|p1a: Dragapult
|-damage|p1a: Dragapult|20\/100
|move|p1a: Dragapult|U-turn|p2a: Thundurus
|-resisted|p2a: Thundurus
|-damage|p2a: Thundurus|58\/100
|-damage|p1a: Dragapult|10\/100|[from] item: Life Orb
|
|t:|1747621101
|switch|p1a: Gallade|Gallade, M, shiny, tera:Grass|82\/100|[from] U-turn
|
|upkeep
|turn|18
|
|t:|1747621153
|move|p2a: Thundurus|Thunderbolt|p1a: Gallade
|-resisted|p1a: Gallade
|-damage|p1a: Gallade|57\/100
|move|p1a: Gallade|Psycho Cut|p2a: Thundurus
|-damage|p2a: Thundurus|0 fnt
|faint|p2a: Thundurus
|
|upkeep
|
|t:|1747621160
|switch|p2a: Whimsicott|Whimsicott, F, tera:Fairy|76\/100
|turn|19
|
|t:|1747621230
|switch|p1a: Cresselia|Cresselia, F|100\/100
|move|p2a: Whimsicott|Moonblast|p1a: Cresselia
|-damage|p1a: Cresselia|77\/100
|
|upkeep
|turn|20
|
|t:|1747621278
|move|p2a: Whimsicott|Light Screen|p2a: Whimsicott
|-sidestart|p2: mew2army|move: Light Screen
|move|p1a: Cresselia|Thunder|p2a: Whimsicott
|-damage|p2a: Whimsicott|60\/100
|-status|p2a: Whimsicott|par
|
|upkeep
|turn|21
|
|t:|1747621323
|switch|p1a: Dragapult|Dragapult, F|10\/100
|move|p2a: Whimsicott|Encore||[still]
|-fail|p2a: Whimsicott
|
|upkeep
|turn|22
|
|t:|1747621367
|move|p1a: Dragapult|U-turn|p2a: Whimsicott
|-resisted|p2a: Whimsicott
|-damage|p2a: Whimsicott|36\/100 par
|-damage|p1a: Dragapult|0 fnt|[from] item: Life Orb
|faint|p1a: Dragapult
|cant|p2a: Whimsicott|par
|
|upkeep
|
|t:|1747621377
|switch|p1a: Gallade|Gallade, M, shiny, tera:Grass|57\/100
|turn|23
|
|t:|1747621403
|move|p1a: Gallade|Leaf Blade|p2a: Whimsicott
|-damage|p2a: Whimsicott|0 fnt
|faint|p2a: Whimsicott
|
|upkeep
|c|☆mew2army|gg
|
|t:|1747621420
|switch|p2a: Palafin|Palafin-Hero, F|100\/100
|-activate|p2a: Palafin|ability: Zero to Hero
|turn|24
|
|t:|1747621427
|move|p2a: Palafin|Ice Punch|p1a: Gallade
|-supereffective|p1a: Gallade
|-damage|p1a: Gallade|0 fnt
|faint|p1a: Gallade
|
|-sideend|p2: mew2army|move: Light Screen
|upkeep
|
|t:|1747621492
|switch|p1a: Cresselia|Cresselia, F|77\/100
|turn|25
|
|t:|1747621499
|move|p2a: Palafin|Flip Turn|p1a: Cresselia
|-damage|p1a: Cresselia|55\/100
|
|t:|1747621502
|switch|p2a: Ursaluna|Ursaluna-Bloodmoon, M|100\/100|[from] Flip Turn
|move|p1a: Cresselia|Calm Mind|p1a: Cresselia
|-boost|p1a: Cresselia|spa|1
|-boost|p1a: Cresselia|spd|1
|
|upkeep
|turn|26
|
|t:|1747621544
|move|p1a: Cresselia|Calm Mind|p1a: Cresselia
|-boost|p1a: Cresselia|spa|1
|-boost|p1a: Cresselia|spd|1
|move|p2a: Ursaluna|Blood Moon|p1a: Cresselia
|-damage|p1a: Cresselia|38\/100
|
|upkeep
|turn|27
|
|t:|1747621553
|move|p1a: Cresselia|Moonlight|p1a: Cresselia
|-heal|p1a: Cresselia|88\/100
|move|p2a: Ursaluna|Calm Mind|p2a: Ursaluna
|-boost|p2a: Ursaluna|spa|1
|-boost|p2a: Ursaluna|spd|1
|
|upkeep
|turn|28
|
|t:|1747621568
|move|p1a: Cresselia|Calm Mind|p1a: Cresselia
|-boost|p1a: Cresselia|spa|1
|-boost|p1a: Cresselia|spd|1
|move|p2a: Ursaluna|Calm Mind|p2a: Ursaluna
|-boost|p2a: Ursaluna|spa|1
|-boost|p2a: Ursaluna|spd|1
|
|upkeep
|turn|29
|
|t:|1747621577
|move|p1a: Cresselia|Calm Mind|p1a: Cresselia
|-boost|p1a: Cresselia|spa|1
|-boost|p1a: Cresselia|spd|1
|move|p2a: Ursaluna|Calm Mind|p2a: Ursaluna
|-boost|p2a: Ursaluna|spa|1
|-boost|p2a: Ursaluna|spd|1
|
|upkeep
|turn|30
|
|t:|1747621585
|move|p1a: Cresselia|Calm Mind|p1a: Cresselia
|-boost|p1a: Cresselia|spa|1
|-boost|p1a: Cresselia|spd|1
|move|p2a: Ursaluna|Calm Mind|p2a: Ursaluna
|-boost|p2a: Ursaluna|spa|1
|-boost|p2a: Ursaluna|spd|1
|
|upkeep
|turn|31
|
|t:|1747621605
|move|p1a: Cresselia|Calm Mind|p1a: Cresselia
|-boost|p1a: Cresselia|spa|1
|-boost|p1a: Cresselia|spd|1
|move|p2a: Ursaluna|Calm Mind|p2a: Ursaluna
|-boost|p2a: Ursaluna|spa|1
|-boost|p2a: Ursaluna|spd|1
|
|upkeep
|turn|32
|
|t:|1747621613
|move|p1a: Cresselia|Stored Power|p2a: Ursaluna
|-damage|p2a: Ursaluna|40\/100
|move|p2a: Ursaluna|Calm Mind|p2a: Ursaluna
|-boost|p2a: Ursaluna|spa|1
|-boost|p2a: Ursaluna|spd|1
|
|-heal|p2a: Ursaluna|46\/100|[from] item: Leftovers
|upkeep
|turn|33
|c|☆mew2army|gg
|
|t:|1747621677
|move|p1a: Cresselia|Stored Power|p2a: Ursaluna
|-damage|p2a: Ursaluna|0 fnt
|faint|p2a: Ursaluna
|
|upkeep
|
|t:|1747621681
|switch|p2a: Palafin|Palafin-Hero, F|100\/100
|turn|34
|
|t:|1747621695
|move|p2a: Palafin|Ice Punch|p1a: Cresselia
|-damage|p1a: Cresselia|66\/100
|-status|p1a: Cresselia|frz
|-curestatus|p1a: Cresselia|frz|[msg]
|move|p1a: Cresselia|Stored Power|p2a: Palafin
|-damage|p2a: Palafin|0 fnt
|faint|p2a: Palafin
|
|win|DaddyNeedsYou-_-
|c|☆mew2army|well damn
|c|☆mew2army|turn 0 thaw
|c| alonzita|What the fuck was that turn l
|c|☆mew2army|my only chance at the end was ice punch freeze
|c|☆DaddyNeedsYou-_-|well that was a fucking rollercoaster
|c|☆mew2army|yeah
|c|☆mew2army|it really was
|c|☆mew2army|gg
|c|☆DaddyNeedsYou-_-|gg's!

</script>
</div>
<div class="battle-log battle-log-inline"><div class="inner"><div class="battle-options"></div><div class="inner message-log"><div class="chat"><small>☆DaddyNeedsYou-_- and ☆mew2army joined</small></div><div class=""><small>Format:</small> <br><strong>[Gen 9] NatDex Draft</strong></div><div class=""><small><em>Sleep Clause Mod:</em> Limit one foe put to sleep</small></div><div class=""><small><em>OHKO Clause:</em> OHKO moves are banned</small></div><div class=""><small><em>Evasion Clause:</em> Evasion abilities, items, and moves are banned</small></div><div class=""><small><em>Evasion Abilities Clause:</em> Evasion abilities are banned</small></div><div class=""><small><em>Evasion Items Clause:</em> Evasion items are banned</small></div><div class=""><small><em>Evasion Moves Clause:</em> Evasion moves are banned</small></div><div class=""><small><em>Endless Battle Clause:</em> Forcing endless battles is banned</small></div><div class=""><small><em>HP Percentage Mod:</em> HP is shown in percentages</small></div><div class="chat battle-history"><strong>DaddyNeedsYou-_-'s team:</strong> <em style="color:#445566;display:block;">Celesteela / Mandibuzz / Cresselia / Gallade / Blastoise / Dragapult</em></div><div class="chat battle-history"><strong>mew2army's team:</strong> <em style="color:#445566;display:block;">Scizor / Palafin / Whimsicott / Ursaluna-Bloodmoon / Slither Wing / Thundurus-Therian</em></div><div class="chat"><small> tokingpanda and  alonzita joined</small></div><div class="spacer battle-history"><br></div><div class="battle-history">Battle started between DaddyNeedsYou-_- and mew2army!<br></div><div class="spacer battle-history"><br></div><div class="battle-history">Go! <strong>Gallade</strong>!<br></div><div class="spacer battle-history"><br></div><div class="battle-history">mew2army sent out Thundurus (<strong>Thundurus-Therian</strong>)!<br></div><div class="spacer battle-history"><br></div><h2 class="battle-history">Turn 1</h2><div class="spacer battle-history"><br></div><div class="battle-history"><small>Gallade has Terastallized into the Grass-type!</small><br></div><div class="spacer battle-history"><br></div><div class="battle-history">The opposing Thundurus used <strong>Volt Switch</strong>!<br></div><div class="battle-history"><small>It's not very effective...</small><br></div><div class="battle-history"><small>(Gallade lost 18% of its health!)</small><br></div><div class="spacer battle-history"><br></div><div class="battle-history">The opposing Thundurus went back to mew2army!<br></div><div class="battle-history">mew2army sent out <strong>Slither Wing</strong>!<br></div><div class="spacer battle-history"><br></div><div class="battle-history">Gallade used <strong>Psycho Cut</strong>!<br></div><div class="battle-history"><small>It's super effective!</small><br></div><div class="battle-history"><small>(The opposing Slither Wing lost 100% of its health!)</small><br></div><div class="spacer battle-history"><br></div><div class="battle-history">The opposing Slither Wing fainted!<br></div><div class="spacer battle-history"><br></div><div class="battle-history">mew2army sent out <strong>Palafin</strong>!<br></div><div class="spacer battle-history"><br></div><h2 class="battle-history">Turn 2</h2><div class="spacer battle-history"><br></div><div class="battle-history">Gallade, come back!<br></div><div class="battle-history">Go! <strong>Celesteela</strong>!<br></div><div class="spacer battle-history"><br></div><div class="battle-history">The opposing Palafin used <strong>Flip Turn</strong>!<br></div><div class="battle-history"><small>(Celesteela lost 14% of its health!)</small><br></div><div class="spacer battle-history"><br></div><div class="battle-history">The opposing Palafin went back to mew2army!<br></div><div class="battle-history">mew2army sent out Thundurus (<strong>Thundurus-Therian</strong>)!<br></div><div class="spacer battle-history"><br></div><div class="battle-history"><small>Celesteela restored a little HP using its Leftovers!</small><br></div><div class="spacer battle-history"><br></div><h2 class="battle-history">Turn 3</h2><div class="spacer battle-history"><br></div><div class="battle-history">Celesteela, come back!<br></div><div class="battle-history">Go! <strong>Cresselia</strong>!<br></div><div class="spacer battle-history"><br></div><div class="battle-history">The opposing Thundurus used <strong>Volt Switch</strong>!<br></div><div class="battle-history"><small>(Cresselia lost 23% of its health!)</small><br></div><div class="spacer battle-history"><br></div><div class="battle-history">The opposing Thundurus went back to mew2army!<br></div><div class="battle-history">mew2army sent out <strong>Scizor</strong>!<br></div><div class="spacer battle-history"><br></div><div class="battle-history"><small>Cresselia restored a little HP using its Leftovers!</small><br></div><div class="spacer battle-history"><br></div><h2 class="battle-history">Turn 4</h2><div class="spacer battle-history"><br></div><div class="battle-history"><small>The opposing Scizor's Scizorite is reacting to the Key Stone!</small><br>The opposing Scizor has Mega Evolved into Mega Scizor!<br></div><div class="spacer battle-history"><br></div><div class="battle-history">Cresselia used <strong>Calm Mind</strong>!<br></div><div class="battle-history"><small>Cresselia's Sp. Atk rose!</small><br></div><div class="battle-history"><small>Cresselia's Sp. Def rose!</small><br></div><div class="spacer battle-history"><br></div><div class="battle-history">The opposing Scizor used <strong>Knock Off</strong>!<br></div><div class="battle-history"><small>It's super effective!</small><br></div><div class="battle-history"><small>(Cresselia lost 55% of its health!)</small><br></div><div class="battle-history"><small>The opposing Scizor knocked off Cresselia's Leftovers!</small><br></div><div class="spacer battle-history"><br></div><h2 class="battle-history">Turn 5</h2><div class="spacer battle-history"><br></div><div class="battle-history">Cresselia used <strong>Moonlight</strong>!<br></div><div class="battle-history"><small>Cresselia had its HP restored.</small><br></div><div class="spacer battle-history"><br></div><div class="battle-history">The opposing Scizor used <strong>Swords Dance</strong>!<br></div><div class="battle-history"><small>The opposing Scizor's Attack rose sharply!</small><br></div><div class="spacer battle-history"><br></div><h2 class="battle-history">Turn 6</h2><div class="spacer battle-history"><br></div><div class="battle-history">Cresselia, come back!<br></div><div class="battle-history">Go! <strong>Celesteela</strong>!<br></div><div class="spacer battle-history"><br></div><div class="battle-history">The opposing Scizor used <strong>Swords Dance</strong>!<br></div><div class="battle-history"><small>The opposing Scizor's Attack rose sharply!</small><br></div><div class="spacer battle-history"><br></div><div class="battle-history"><small>Celesteela restored a little HP using its Leftovers!</small><br></div><div class="spacer battle-history"><br></div><h2 class="battle-history">Turn 7</h2><div class="spacer battle-history"><br></div><div class="battle-history">The opposing Scizor used <strong>Knock Off</strong>!<br></div><div class="battle-history"><small>(Celesteela lost 77% of its health!)</small><br></div><div class="battle-history"><small>The opposing Scizor knocked off Celesteela's Leftovers!</small><br></div><div class="spacer battle-history"><br></div><div class="battle-history">Celesteela used <strong>Flamethrower</strong>!<br></div><div class="battle-history"><small>It's super effective!</small><br></div><div class="battle-history"><small>(The opposing Scizor lost 84% of its health!)</small><br></div><div class="spacer battle-history"><br></div><h2 class="battle-history">Turn 8</h2><div class="spacer battle-history"><br></div><div class="battle-history">The opposing Scizor used <strong>Knock Off</strong>!<br></div><div class="battle-history"><small>(Celesteela lost 21% of its health!)</small><br></div><div class="spacer battle-history"><br></div><div class="battle-history">Celesteela fainted!<br></div><div class="spacer battle-history"><br></div><div class="battle-history">Go! <strong>Blastoise</strong>!<br></div><div class="spacer battle-history"><br></div><h2 class="battle-history">Turn 9</h2><div class="spacer battle-history"><br></div><div class="battle-history">The opposing Scizor used <strong>Bullet Punch</strong>!<br></div><div class="battle-history"><small>It's not very effective...</small><br></div><div class="battle-history"><small>(Blastoise lost 48% of its health!)</small><br></div><div class="spacer battle-history"><br></div><div class="battle-history">Blastoise used <strong>Liquidation</strong>!<br></div><div class="battle-history"><small>(The opposing Scizor lost 16% of its health!)</small><br></div><div class="spacer battle-history"><br></div><div class="battle-history">The opposing Scizor fainted!<br></div><div class="spacer battle-history"><br></div><div class="battle-history"><small>Blastoise restored a little HP using its Leftovers!</small><br></div><div class="spacer battle-history"><br></div><div class="battle-history">mew2army sent out Thundurus (<strong>Thundurus-Therian</strong>)!<br></div><div class="spacer battle-history"><br></div><h2 class="battle-history">Turn 10</h2><div class="spacer battle-history"><br></div><div class="battle-history">Blastoise, come back!<br></div><div class="battle-history">Go! <strong>Dragapult</strong>!<br></div><div class="spacer battle-history"><br></div><div class="battle-history">The opposing Thundurus used <strong>Volt Switch</strong>!<br></div><div class="battle-history"><small>It's not very effective...</small><br></div><div class="battle-history"><small>(Dragapult lost 30% of its health!)</small><br></div><div class="spacer battle-history"><br></div><div class="battle-history">The opposing Thundurus went back to mew2army!<br></div><div class="battle-history">mew2army sent out <strong>Whimsicott</strong>!<br></div><div class="spacer battle-history"><br></div><h2 class="battle-history">Turn 11</h2><div class="spacer battle-history"><br></div><div class="battle-history"><small>The opposing Whimsicott has Terastallized into the Fairy-type!</small><br></div><div class="spacer battle-history"><br></div><div class="battle-history">Dragapult used <strong>U-turn</strong>!<br></div><div class="battle-history"><small>It's not very effective...</small><br></div><div class="battle-history"><small>(The opposing Whimsicott lost 24% of its health!)</small><br></div><div class="battle-history"><small>Dragapult lost some of its HP!</small><br></div><div class="spacer battle-history"><br></div><div class="battle-history">Dragapult went back to DaddyNeedsYou-_-!<br></div><div class="battle-history">Go! <strong>Cresselia</strong>!<br></div><div class="spacer battle-history"><br></div><div class="battle-history">The opposing Whimsicott used <strong>Moonblast</strong>!<br></div><div class="battle-history"><small>(Cresselia lost 23% of its health!)</small><br></div><div class="spacer battle-history"><br></div><h2 class="battle-history">Turn 12</h2><div class="spacer battle-history"><br></div><div class="battle-history">The opposing Whimsicott used <strong>Shadow Ball</strong>!<br></div><div class="battle-history"><small>It's super effective!</small><br></div><div class="battle-history"><small>(Cresselia lost 23% of its health!)</small><br></div><div class="spacer battle-history"><br></div><div class="battle-history">Cresselia used <strong>Moonlight</strong>!<br></div><div class="battle-history"><small>Cresselia had its HP restored.</small><br></div><div class="spacer battle-history"><br></div><h2 class="battle-history">Turn 13</h2><div class="spacer battle-history"><br></div><div class="battle-history">The opposing Whimsicott used <strong>Encore</strong>!<br></div><div class="battle-history"><small>Cresselia must do an encore!</small><br></div><div class="spacer battle-history"><br></div><div class="battle-history">Cresselia used <strong>Moonlight</strong>!<br></div><div class="battle-history"><small>Cresselia had its HP restored.</small><br></div><div class="spacer battle-history"><br></div><h2 class="battle-history">Turn 14</h2><div class="spacer battle-history"><br></div><div class="battle-history">mew2army withdrew Whimsicott!<br></div><div class="battle-history">mew2army sent out Thundurus (<strong>Thundurus-Therian</strong>)!<br></div><div class="spacer battle-history"><br></div><div class="battle-history">Cresselia, come back!<br></div><div class="battle-history">Go! <strong>Blastoise</strong>!<br></div><div class="spacer battle-history"><br></div><div class="battle-history"><small>Blastoise restored a little HP using its Leftovers!</small><br></div><div class="spacer battle-history"><br></div><h2 class="battle-history">Turn 15</h2><div class="chat"><small>☆mew2army left</small></div><div class="chat"><small>☆mew2army joined</small></div><div class="spacer battle-history"><br></div><div class="battle-history">Blastoise used <strong>Fake Out</strong>!<br></div><div class="battle-history"><small>(The opposing Thundurus lost 17% of its health!)</small><br></div><div class="spacer battle-history"><br></div><div class="battle-history">The opposing Thundurus flinched and couldn't move!<br></div><div class="spacer battle-history"><br></div><div class="battle-history"><small>Blastoise restored a little HP using its Leftovers!</small><br></div><div class="spacer battle-history"><br></div><h2 class="battle-history">Turn 16</h2><div class="spacer battle-history"><br></div><div class="battle-history">The opposing Thundurus used <strong>Thunderbolt</strong>!<br></div><div class="battle-history"><small>It's super effective!</small><br></div><div class="battle-history"><small>A critical hit!</small><br></div><div class="battle-history"><small>(Blastoise lost 70% of its health!)</small><br></div><div class="spacer battle-history"><br></div><div class="battle-history">Blastoise fainted!<br></div><div class="spacer battle-history"><br></div><div class="battle-history">Go! <strong>Dragapult</strong>!<br></div><div class="spacer battle-history"><br></div><h2 class="battle-history">Turn 17</h2><div class="spacer battle-history"><br></div><div class="battle-history">The opposing Thundurus used <strong>Thunderbolt</strong>!<br></div><div class="battle-history"><small>It's not very effective...</small><br></div><div class="battle-history"><small>(Dragapult lost 40% of its health!)</small><br></div><div class="spacer battle-history"><br></div><div class="battle-history">Dragapult used <strong>U-turn</strong>!<br></div><div class="battle-history"><small>It's not very effective...</small><br></div><div class="battle-history"><small>(The opposing Thundurus lost 25% of its health!)</small><br></div><div class="battle-history"><small>Dragapult lost some of its HP!</small><br></div><div class="spacer battle-history"><br></div><div class="battle-history">Dragapult went back to DaddyNeedsYou-_-!<br></div><div class="battle-history">Go! <strong>Gallade</strong>!<br></div><div class="spacer battle-history"><br></div><h2 class="battle-history">Turn 18</h2><div class="spacer battle-history"><br></div><div class="battle-history">The opposing Thundurus used <strong>Thunderbolt</strong>!<br></div><div class="battle-history"><small>It's not very effective...</small><br></div><div class="battle-history"><small>(Gallade lost 25% of its health!)</small><br></div><div class="spacer battle-history"><br></div><div class="battle-history">Gallade used <strong>Psycho Cut</strong>!<br></div><div class="battle-history"><small>(The opposing Thundurus lost 58% of its health!)</small><br></div><div class="spacer battle-history"><br></div><div class="battle-history">The opposing Thundurus fainted!<br></div><div class="spacer battle-history"><br></div><div class="battle-history">mew2army sent out <strong>Whimsicott</strong>!<br></div><div class="spacer battle-history"><br></div><h2 class="battle-history">Turn 19</h2><div class="spacer battle-history"><br></div><div class="battle-history">Gallade, come back!<br></div><div class="battle-history">Go! <strong>Cresselia</strong>!<br></div><div class="spacer battle-history"><br></div><div class="battle-history">The opposing Whimsicott used <strong>Moonblast</strong>!<br></div><div class="battle-history"><small>(Cresselia lost 23% of its health!)</small><br></div><div class="spacer battle-history"><br></div><h2 class="battle-history">Turn 20</h2><div class="spacer battle-history"><br></div><div class="battle-history">The opposing Whimsicott used <strong>Light Screen</strong>!<br></div><div class="battle-history"><small>Light Screen made the opposing team stronger against special moves!</small><br></div><div class="spacer battle-history"><br></div><div class="battle-history">Cresselia used <strong>Thunder</strong>!<br></div><div class="battle-history"><small>(The opposing Whimsicott lost 16% of its health!)</small><br></div><div class="battle-history"><small>The opposing Whimsicott is paralyzed! It may be unable to move!</small><br></div><div class="spacer battle-history"><br></div><h2 class="battle-history">Turn 21</h2><div class="spacer battle-history"><br></div><div class="battle-history">Cresselia, come back!<br></div><div class="battle-history">Go! <strong>Dragapult</strong>!<br></div><div class="spacer battle-history"><br></div><div class="battle-history">The opposing Whimsicott used <strong>Encore</strong>!<br></div><div class="battle-history"><small>But it failed!</small><br></div><div class="spacer battle-history"><br></div><h2 class="battle-history">Turn 22</h2><div class="spacer battle-history"><br></div><div class="battle-history">Dragapult used <strong>U-turn</strong>!<br></div><div class="battle-history"><small>It's not very effective...</small><br></div><div class="battle-history"><small>(The opposing Whimsicott lost 24% of its health!)</small><br></div><div class="battle-history"><small>Dragapult lost some of its HP!</small><br></div><div class="spacer battle-history"><br></div><div class="battle-history">Dragapult fainted!<br></div><div class="battle-history">The opposing Whimsicott is paralyzed! It can't move!<br></div><div class="spacer battle-history"><br></div><div class="battle-history">Go! <strong>Gallade</strong>!<br></div><div class="spacer battle-history"><br></div><h2 class="battle-history">Turn 23</h2><div class="spacer battle-history"><br></div><div class="battle-history">Gallade used <strong>Leaf Blade</strong>!<br></div><div class="battle-history"><small>(The opposing Whimsicott lost 36% of its health!)</small><br></div><div class="spacer battle-history"><br></div><div class="battle-history">The opposing Whimsicott fainted!<br></div><div class="chat chatmessage-mew2army"><strong style="color:#6a9339"><small class="groupsymbol">☆</small><span class="username">mew2army</span>:</strong> <em>gg</em></div><div class="spacer battle-history"><br></div><div class="battle-history">mew2army sent out Palafin (<strong>Palafin-Hero</strong>)!<br></div><div class="battle-history">[The opposing Palafin's Zero to Hero]<br><small>The opposing Palafin underwent a heroic transformation!</small><br></div><div class="spacer battle-history"><br></div><h2 class="battle-history">Turn 24</h2><div class="spacer battle-history"><br></div><div class="battle-history">The opposing Palafin used <strong>Ice Punch</strong>!<br></div><div class="battle-history"><small>It's super effective!</small><br></div><div class="battle-history"><small>(Gallade lost 57% of its health!)</small><br></div><div class="spacer battle-history"><br></div><div class="battle-history">Gallade fainted!<br></div><div class="spacer battle-history"><br></div><div class="battle-history"><small>The opposing team's Light Screen wore off!</small><br></div><div class="spacer battle-history"><br></div><div class="battle-history">Go! <strong>Cresselia</strong>!<br></div><div class="spacer battle-history"><br></div><h2 class="battle-history">Turn 25</h2><div class="spacer battle-history"><br></div><div class="battle-history">The opposing Palafin used <strong>Flip Turn</strong>!<br></div><div class="battle-history"><small>(Cresselia lost 22% of its health!)</small><br></div><div class="spacer battle-history"><br></div><div class="battle-history">The opposing Palafin went back to mew2army!<br></div><div class="battle-history">mew2army sent out Ursaluna (<strong>Ursaluna-Bloodmoon</strong>)!<br></div><div class="spacer battle-history"><br></div><div class="battle-history">Cresselia used <strong>Calm Mind</strong>!<br></div><div class="battle-history"><small>Cresselia's Sp. Atk rose!</small><br></div><div class="battle-history"><small>Cresselia's Sp. Def rose!</small><br></div><div class="spacer battle-history"><br></div><h2 class="battle-history">Turn 26</h2><div class="spacer battle-history"><br></div><div class="battle-history">Cresselia used <strong>Calm Mind</strong>!<br></div><div class="battle-history"><small>Cresselia's Sp. Atk rose!</small><br></div><div class="battle-history"><small>Cresselia's Sp. Def rose!</small><br></div><div class="spacer battle-history"><br></div><div class="battle-history">The opposing Ursaluna used <strong>Blood Moon</strong>!<br></div><div class="battle-history"><small>(Cresselia lost 17% of its health!)</small><br></div><div class="spacer battle-history"><br></div><h2 class="battle-history">Turn 27</h2><div class="spacer battle-history"><br></div><div class="battle-history">Cresselia used <strong>Moonlight</strong>!<br></div><div class="battle-history"><small>Cresselia had its HP restored.</small><br></div><div class="spacer battle-history"><br></div><div class="battle-history">The opposing Ursaluna used <strong>Calm Mind</strong>!<br></div><div class="battle-history"><small>The opposing Ursaluna's Sp. Atk rose!</small><br></div><div class="battle-history"><small>The opposing Ursaluna's Sp. Def rose!</small><br></div><div class="spacer battle-history"><br></div><h2 class="battle-history">Turn 28</h2><div class="spacer battle-history"><br></div><div class="battle-history">Cresselia used <strong>Calm Mind</strong>!<br></div><div class="battle-history"><small>Cresselia's Sp. Atk rose!</small><br></div><div class="battle-history"><small>Cresselia's Sp. Def rose!</small><br></div><div class="spacer battle-history"><br></div><div class="battle-history">The opposing Ursaluna used <strong>Calm Mind</strong>!<br></div><div class="battle-history"><small>The opposing Ursaluna's Sp. Atk rose!</small><br></div><div class="battle-history"><small>The opposing Ursaluna's Sp. Def rose!</small><br></div><div class="spacer battle-history"><br></div><h2 class="battle-history">Turn 29</h2><div class="spacer battle-history"><br></div><div class="battle-history">Cresselia used <strong>Calm Mind</strong>!<br></div><div class="battle-history"><small>Cresselia's Sp. Atk rose!</small><br></div><div class="battle-history"><small>Cresselia's Sp. Def rose!</small><br></div><div class="spacer battle-history"><br></div><div class="battle-history">The opposing Ursaluna used <strong>Calm Mind</strong>!<br></div><div class="battle-history"><small>The opposing Ursaluna's Sp. Atk rose!</small><br></div><div class="battle-history"><small>The opposing Ursaluna's Sp. Def rose!</small><br></div><div class="spacer battle-history"><br></div><h2 class="battle-history">Turn 30</h2><div class="spacer battle-history"><br></div><div class="battle-history">Cresselia used <strong>Calm Mind</strong>!<br></div><div class="battle-history"><small>Cresselia's Sp. Atk rose!</small><br></div><div class="battle-history"><small>Cresselia's Sp. Def rose!</small><br></div><div class="spacer battle-history"><br></div><div class="battle-history">The opposing Ursaluna used <strong>Calm Mind</strong>!<br></div><div class="battle-history"><small>The opposing Ursaluna's Sp. Atk rose!</small><br></div><div class="battle-history"><small>The opposing Ursaluna's Sp. Def rose!</small><br></div><div class="spacer battle-history"><br></div><h2 class="battle-history">Turn 31</h2><div class="spacer battle-history"><br></div><div class="battle-history">Cresselia used <strong>Calm Mind</strong>!<br></div><div class="battle-history"><small>Cresselia's Sp. Atk rose!</small><br></div><div class="battle-history"><small>Cresselia's Sp. Def rose!</small><br></div><div class="spacer battle-history"><br></div><div class="battle-history">The opposing Ursaluna used <strong>Calm Mind</strong>!<br></div><div class="battle-history"><small>The opposing Ursaluna's Sp. Atk rose!</small><br></div><div class="battle-history"><small>The opposing Ursaluna's Sp. Def rose!</small><br></div><div class="spacer battle-history"><br></div><h2 class="battle-history">Turn 32</h2><div class="spacer battle-history"><br></div><div class="battle-history">Cresselia used <strong>Stored Power</strong>!<br></div><div class="battle-history"><small>(The opposing Ursaluna lost 60% of its health!)</small><br></div><div class="spacer battle-history"><br></div><div class="battle-history">The opposing Ursaluna used <strong>Calm Mind</strong>!<br></div><div class="battle-history"><small>The opposing Ursaluna's Sp. Atk rose!</small><br></div><div class="battle-history"><small>The opposing Ursaluna's Sp. Def rose!</small><br></div><div class="spacer battle-history"><br></div><div class="battle-history"><small>The opposing Ursaluna restored a little HP using its Leftovers!</small><br></div><div class="spacer battle-history"><br></div><h2 class="battle-history">Turn 33</h2><div class="chat chatmessage-mew2army"><strong style="color:#6a9339"><small class="groupsymbol">☆</small><span class="username">mew2army</span>:</strong> <em>gg</em></div><div class="spacer battle-history"><br></div><div class="battle-history">Cresselia used <strong>Stored Power</strong>!<br></div><div class="battle-history"><small>(The opposing Ursaluna lost 46% of its health!)</small><br></div><div class="spacer battle-history"><br></div><div class="battle-history">The opposing Ursaluna fainted!<br></div><div class="spacer battle-history"><br></div><div class="battle-history">mew2army sent out Palafin (<strong>Palafin-Hero</strong>)!<br></div><div class="spacer battle-history"><br></div><h2 class="battle-history">Turn 34</h2><div class="spacer battle-history"><br></div><div class="battle-history">The opposing Palafin used <strong>Ice Punch</strong>!<br></div><div class="battle-history"><small>(Cresselia lost 22% of its health!)</small><br></div><div class="battle-history"><small>Cresselia was frozen solid!</small><br></div><div class="battle-history"><small>Cresselia thawed out!</small><br></div><div class="spacer battle-history"><br></div><div class="battle-history">Cresselia used <strong>Stored Power</strong>!<br></div><div class="battle-history"><small>(The opposing Palafin lost 100% of its health!)</small><br></div><div class="spacer battle-history"><br></div><div class="battle-history">The opposing Palafin fainted!<br></div><div class="spacer battle-history"><br></div><div class="battle-history"><strong>DaddyNeedsYou-_-</strong> won the battle!<br></div><div class="chat chatmessage-mew2army"><strong style="color:#6a9339"><small class="groupsymbol">☆</small><span class="username">mew2army</span>:</strong> <em>well damn</em></div><div class="chat chatmessage-mew2army"><strong style="color:#6a9339"><small class="groupsymbol">☆</small><span class="username">mew2army</span>:</strong> <em>turn 0 thaw</em></div><div class="chat chatmessage-alonzita"><strong style="color:#7b6dcd"><small class="groupsymbol"> </small><span class="username">alonzita</span>:</strong> <em>What the fuck was that turn l</em></div><div class="chat chatmessage-mew2army"><strong style="color:#6a9339"><small class="groupsymbol">☆</small><span class="username">mew2army</span>:</strong> <em>my only chance at the end was ice punch freeze</em></div><div class="chat chatmessage-daddyneedsyou"><strong style="color:#969c25"><small class="groupsymbol">☆</small><span class="username">DaddyNeedsYou-_-</span>:</strong> <em>well that was a fucking rollercoaster</em></div><div class="chat chatmessage-mew2army"><strong style="color:#6a9339"><small class="groupsymbol">☆</small><span class="username">mew2army</span>:</strong> <em>yeah</em></div><div class="chat chatmessage-mew2army"><strong style="color:#6a9339"><small class="groupsymbol">☆</small><span class="username">mew2army</span>:</strong> <em>it really was</em></div><div class="chat chatmessage-mew2army"><strong style="color:#6a9339"><small class="groupsymbol">☆</small><span class="username">mew2army</span>:</strong> <em>gg</em></div><div class="chat chatmessage-daddyneedsyou"><strong style="color:#969c25"><small class="groupsymbol">☆</small><span class="username">DaddyNeedsYou-_-</span>:</strong> <em>gg's!</em></div></div><div class="inner-preempt message-log"></div></div></div>
</div>
<script>
let daily = Math.floor(Date.now()/1000/60/60/24);document.write('<script src="https://play.pokemonshowdown.com/js/replay-embed.js?version'+daily+'"></'+'script>');
</script>
