<!DOCTYPE html>
<meta charset="utf-8" />
<!-- version 1 -->
<title>[Gen 9] NatDex Draft replay: Artman_Shan vs. TheRealDorge</title>
<style>
html,body {font-family:Verdana, sans-serif;font-size:10pt;margin:0;padding:0;}body{padding:12px 0;} .battle-log {font-family:Verdana, sans-serif;font-size:10pt;} .battle-log-inline {border:1px solid #AAAAAA;background:#EEF2F5;color:black;max-width:640px;margin:0 auto 80px;padding-bottom:5px;} .battle-log .inner {padding:4px 8px 0px 8px;} .battle-log .inner-preempt {padding:0 8px 4px 8px;} .battle-log .inner-after {margin-top:0.5em;} .battle-log h2 {margin:0.5em -8px;padding:4px 8px;border:1px solid #AAAAAA;background:#E0E7EA;border-left:0;border-right:0;font-family:Verdana, sans-serif;font-size:13pt;} .battle-log .chat {vertical-align:middle;padding:3px 0 3px 0;font-size:8pt;} .battle-log .chat strong {color:#40576A;} .battle-log .chat em {padding:1px 4px 1px 3px;color:#000000;font-style:normal;} .chat.mine {background:rgba(0,0,0,0.05);margin-left:-8px;margin-right:-8px;padding-left:8px;padding-right:8px;} .spoiler {color:#BBBBBB;background:#BBBBBB;padding:0px 3px;} .spoiler:hover, .spoiler:active, .spoiler-shown {color:#000000;background:#E2E2E2;padding:0px 3px;} .spoiler a {color:#BBBBBB;} .spoiler:hover a, .spoiler:active a, .spoiler-shown a {color:#2288CC;} .chat code, .chat .spoiler:hover code, .chat .spoiler:active code, .chat .spoiler-shown code {border:1px solid #C0C0C0;background:#EEEEEE;color:black;padding:0 2px;} .chat .spoiler code {border:1px solid #CCCCCC;background:#CCCCCC;color:#CCCCCC;} .battle-log .rated {padding:3px 4px;} .battle-log .rated strong {color:white;background:#89A;padding:1px 4px;border-radius:4px;} .spacer {margin-top:0.5em;} .message-announce {background:#6688AA;color:white;padding:1px 4px 2px;} .message-announce a, .broadcast-green a, .broadcast-blue a, .broadcast-red a {color:#DDEEFF;} .broadcast-green {background-color:#559955;color:white;padding:2px 4px;} .broadcast-blue {background-color:#6688AA;color:white;padding:2px 4px;} .infobox {border:1px solid #6688AA;padding:2px 4px;} .infobox-limited {max-height:200px;overflow:auto;overflow-x:hidden;} .broadcast-red {background-color:#AA5544;color:white;padding:2px 4px;} .message-learn-canlearn {font-weight:bold;color:#228822;text-decoration:underline;} .message-learn-cannotlearn {font-weight:bold;color:#CC2222;text-decoration:underline;} .message-effect-weak {font-weight:bold;color:#CC2222;} .message-effect-resist {font-weight:bold;color:#6688AA;} .message-effect-immune {font-weight:bold;color:#666666;} .message-learn-list {margin-top:0;margin-bottom:0;} .message-throttle-notice, .message-error {color:#992222;} .message-overflow, .chat small.message-overflow {font-size:0pt;} .message-overflow::before {font-size:9pt;content:'...';} .subtle {color:#3A4A66;}
</style>
<div class="wrapper replay-wrapper" style="max-width:1180px;margin:0 auto">
<input type="hidden" name="replayid" value="gen9natdexdraft-2350188510" />
<div class="battle"></div><div class="battle-log"></div><div class="replay-controls"></div><div class="replay-controls-2"></div>
<h1 style="font-weight:normal;text-align:center"><strong>[Gen 9] NatDex Draft</strong><br /><a href="http://pokemonshowdown.com/users/artmanshan" class="subtle" target="_blank">Artman_Shan</a> vs. <a href="http://pokemonshowdown.com/users/therealdorge" class="subtle" target="_blank">TheRealDorge</a></h1>
<script type="text/plain" class="battle-log-data">
|j|☆Artman_Shan
|j|☆TheRealDorge
|t:|1745547861
|gametype|singles
|player|p1|Artman_Shan|101|
|player|p2|TheRealDorge|102|
|teamsize|p1|6
|teamsize|p2|6
|gen|9
|tier|[Gen 9] NatDex Draft
|rule|Tera Type Preview: Tera Types are shown at Team Preview
|rule|Sleep Clause Mod: Limit one foe put to sleep
|rule|OHKO Clause: OHKO moves are banned
|rule|Evasion Clause: Evasion abilities, items, and moves are banned
|rule|Evasion Abilities Clause: Evasion abilities are banned
|rule|Evasion Items Clause: Evasion items are banned
|rule|Evasion Moves Clause: Evasion moves are banned
|rule|Endless Battle Clause: Forcing endless battles is banned
|rule|HP Percentage Mod: HP is shown in percentages
|clearpoke
|poke|p1|Tapu Koko|
|poke|p1|Celesteela|
|poke|p1|Donphan, F|
|poke|p1|Accelgor, M|
|poke|p1|Infernape, F|
|poke|p1|Ribombee, M|
|poke|p2|Sneasler, M|
|poke|p2|Rillaboom, M|
|poke|p2|Clefable, M|
|poke|p2|Corviknight, F|
|poke|p2|Moltres-Galar|
|poke|p2|Glalie, M|
|teampreview
|raw|Artman_Shan's Tera Types:<br \/><psicon pokemon="tapukoko" \/><psicon type="Electric" \/> \/ <psicon pokemon="celesteela" \/><psicon type="Flying" \/> \/ <psicon pokemon="donphan" \/><psicon type="Ground" \/> \/ <psicon pokemon="accelgor" \/><psicon type="Water" \/> \/ <psicon pokemon="infernape" \/><psicon type="Fire" \/> \/ <psicon pokemon="ribombee" \/><psicon type="Bug" \/>
|raw|TheRealDorge's Tera Types:<br \/><psicon pokemon="sneasler" \/><psicon type="Fighting" \/> \/ <psicon pokemon="rillaboom" \/><psicon type="Grass" \/> \/ <psicon pokemon="clefable" \/><psicon type="Fairy" \/> \/ <psicon pokemon="corviknight" \/><psicon type="Flying" \/> \/ <psicon pokemon="moltresgalar" \/><psicon type="Dark" \/> \/ <psicon pokemon="glalie" \/><psicon type="Ice" \/>
|c|☆Artman_Shan|GLHF
|
|t:|1745547953
|start
|switch|p1a: Ribombee|Ribombee, M|100\/100
|switch|p2a: Clefable|Clefable, M|100\/100
|turn|1
|
|t:|1745547961
|move|p1a: Ribombee|Stun Spore|p2a: Clefable
|-status|p2a: Clefable|par
|move|p2a: Clefable|Flamethrower|p1a: Ribombee
|-supereffective|p1a: Ribombee
|-damage|p1a: Ribombee|28\/100
|
|upkeep
|turn|2
|
|t:|1745547969
|move|p1a: Ribombee|Sticky Web|p2a: Clefable
|-sidestart|p2: TheRealDorge|move: Sticky Web
|move|p2a: Clefable|Moonlight|p2a: Clefable
|-fail|p2a: Clefable|heal
|
|upkeep
|turn|3
|
|t:|1745547976
|move|p1a: Ribombee|Sticky Web||[still]
|-fail|p1a: Ribombee
|move|p2a: Clefable|Flamethrower|p1a: Ribombee
|-supereffective|p1a: Ribombee
|-damage|p1a: Ribombee|0 fnt
|faint|p1a: Ribombee
|
|upkeep
|
|t:|1745547998
|switch|p1a: Celesteela|Celesteela|100\/100
|turn|4
|
|t:|1745548009
|move|p1a: Celesteela|Heavy Slam|p2a: Clefable
|-supereffective|p2a: Clefable
|-damage|p2a: Clefable|11\/100 par
|move|p2a: Clefable|Flamethrower|p1a: Celesteela
|-supereffective|p1a: Celesteela
|-damage|p1a: Celesteela|74\/100
|
|-heal|p1a: Celesteela|80\/100|[from] item: Leftovers
|-heal|p2a: Clefable|17\/100 par|[from] item: Leftovers
|upkeep
|turn|5
|
|t:|1745548021
|move|p1a: Celesteela|Heavy Slam|p2a: Clefable
|-supereffective|p2a: Clefable
|-damage|p2a: Clefable|0 fnt
|faint|p2a: Clefable
|-ability|p1a: Celesteela|Beast Boost|boost
|-boost|p1a: Celesteela|spd|1
|
|-heal|p1a: Celesteela|86\/100|[from] item: Leftovers
|upkeep
|
|t:|1745548030
|switch|p2a: Corviknight|Corviknight, F|100\/100
|turn|6
|
|t:|1745548038
|move|p1a: Celesteela|Protect|p1a: Celesteela
|-singleturn|p1a: Celesteela|Protect
|move|p2a: Corviknight|Defog|p1a: Celesteela
|-activate|p1a: Celesteela|move: Protect
|
|-heal|p1a: Celesteela|92\/100|[from] item: Leftovers
|upkeep
|turn|7
|
|t:|1745548049
|move|p2a: Corviknight|Defog|p1a: Celesteela
|-unboost|p1a: Celesteela|evasion|1
|-sideend|p2: TheRealDorge|Sticky Web|[from] move: Defog|[of] p2a: Corviknight
|move|p1a: Celesteela|Flamethrower|p2a: Corviknight
|-supereffective|p2a: Corviknight
|-damage|p2a: Corviknight|75\/100
|
|-heal|p1a: Celesteela|98\/100|[from] item: Leftovers
|upkeep
|turn|8
|
|t:|1745548060
|move|p2a: Corviknight|Body Press|p1a: Celesteela
|-damage|p1a: Celesteela|82\/100
|move|p1a: Celesteela|Flamethrower|p2a: Corviknight
|-supereffective|p2a: Corviknight
|-damage|p2a: Corviknight|50\/100
|
|-heal|p1a: Celesteela|88\/100|[from] item: Leftovers
|upkeep
|turn|9
|
|t:|1745548068
|move|p2a: Corviknight|U-turn|p1a: Celesteela
|-resisted|p1a: Celesteela
|-damage|p1a: Celesteela|85\/100
|
|t:|1745548079
|switch|p2a: Sneasler|Sneasler, M|100\/100|[from] U-turn
|move|p1a: Celesteela|Flamethrower|p2a: Sneasler
|-damage|p2a: Sneasler|74\/100
|
|-heal|p1a: Celesteela|91\/100|[from] item: Leftovers
|upkeep
|turn|10
|
|t:|1745548092
|switch|p1a: Tapu Koko|Tapu Koko|100\/100
|-fieldstart|move: Electric Terrain|[from] ability: Electric Surge|[of] p1a: Tapu Koko
|move|p2a: Sneasler|Close Combat|p1a: Tapu Koko
|-resisted|p1a: Tapu Koko
|-damage|p1a: Tapu Koko|29\/100
|-unboost|p2a: Sneasler|def|1
|-unboost|p2a: Sneasler|spd|1
|
|upkeep
|turn|11
|
|t:|1745548126
|move|p1a: Tapu Koko|Volt Switch|p2a: Sneasler
|-damage|p2a: Sneasler|0 fnt
|faint|p2a: Sneasler
|
|t:|1745548136
|switch|p1a: Celesteela|Celesteela|91\/100|[from] Volt Switch
|
|-heal|p1a: Celesteela|97\/100|[from] item: Leftovers
|upkeep
|
|t:|1745548149
|switch|p2a: Rillaboom|Rillaboom, M|100\/100
|-fieldstart|move: Grassy Terrain|[from] ability: Grassy Surge|[of] p2a: Rillaboom
|turn|12
|
|t:|1745548155
|move|p1a: Celesteela|Protect|p1a: Celesteela
|-singleturn|p1a: Celesteela|Protect
|move|p2a: Rillaboom|Earthquake|p1a: Celesteela
|-activate|p1a: Celesteela|move: Protect
|
|-heal|p1a: Celesteela|100\/100|[from] item: Leftovers
|upkeep
|turn|13
|j| Astro Rifk
|
|t:|1745548167
|move|p2a: Rillaboom|Earthquake|p1a: Celesteela
|-immune|p1a: Celesteela
|move|p1a: Celesteela|Heavy Slam|p2a: Rillaboom
|-damage|p2a: Rillaboom|53\/100
|
|-heal|p2a: Rillaboom|59\/100|[from] Grassy Terrain
|upkeep
|turn|14
|
|t:|1745548176
|move|p2a: Rillaboom|U-turn|p1a: Celesteela
|-resisted|p1a: Celesteela
|-damage|p1a: Celesteela|96\/100
|c|☆TheRealDorge|im stupid
|
|t:|1745548190
|switch|p2a: Glalie|Glalie, M|100\/100|[from] U-turn
|move|p1a: Celesteela|Flamethrower|p2a: Glalie
|-supereffective|p2a: Glalie
|-crit|p2a: Glalie
|-damage|p2a: Glalie|26\/100
|
|-heal|p2a: Glalie|32\/100|[from] Grassy Terrain
|-heal|p1a: Celesteela|100\/100|[from] item: Leftovers
|upkeep
|turn|15
|
|t:|1745548209
|detailschange|p2a: Glalie|Glalie-Mega, M
|-mega|p2a: Glalie|Glalie|Glalitite
|move|p2a: Glalie|Return|p1a: Celesteela
|-damage|p1a: Celesteela|59\/100
|move|p1a: Celesteela|Heavy Slam|p2a: Glalie
|-supereffective|p2a: Glalie
|-damage|p2a: Glalie|0 fnt
|faint|p2a: Glalie
|-ability|p1a: Celesteela|Beast Boost|boost
|-boost|p1a: Celesteela|spd|1
|
|-heal|p1a: Celesteela|65\/100|[from] item: Leftovers
|upkeep
|
|t:|1745548230
|switch|p2a: Rillaboom|Rillaboom, M|59\/100
|turn|16
|
|t:|1745548239
|move|p2a: Rillaboom|Wood Hammer|p1a: Celesteela
|-resisted|p1a: Celesteela
|-damage|p1a: Celesteela|49\/100
|-damage|p2a: Rillaboom|53\/100|[from] Recoil
|move|p1a: Celesteela|Flamethrower|p2a: Rillaboom
|-supereffective|p2a: Rillaboom
|-damage|p2a: Rillaboom|17\/100
|
|-heal|p2a: Rillaboom|23\/100|[from] Grassy Terrain
|-heal|p1a: Celesteela|55\/100|[from] item: Leftovers
|-fieldend|move: Grassy Terrain
|upkeep
|turn|17
|c| Astro Rifk|oh this is such a gen 7 team @artman
|c| Astro Rifk|peak
|
|t:|1745548251
|move|p2a: Rillaboom|Wood Hammer|p1a: Celesteela
|-resisted|p1a: Celesteela
|-damage|p1a: Celesteela|45\/100
|-damage|p2a: Rillaboom|19\/100|[from] Recoil
|move|p1a: Celesteela|Flamethrower|p2a: Rillaboom
|-supereffective|p2a: Rillaboom
|-damage|p2a: Rillaboom|0 fnt
|faint|p2a: Rillaboom
|-ability|p1a: Celesteela|Beast Boost|boost
|-boost|p1a: Celesteela|spd|1
|
|-heal|p1a: Celesteela|51\/100|[from] item: Leftovers
|upkeep
|
|t:|1745548274
|switch|p2a: Moltres|Moltres-Galar|100\/100
|turn|18
|
|t:|1745548280
|move|p1a: Celesteela|Protect|p1a: Celesteela
|-singleturn|p1a: Celesteela|Protect
|move|p2a: Moltres|Nasty Plot|p2a: Moltres
|-boost|p2a: Moltres|spa|2
|
|-heal|p1a: Celesteela|57\/100|[from] item: Leftovers
|upkeep
|turn|19
|
|t:|1745548293
|move|p2a: Moltres|Fiery Wrath|p1a: Celesteela
|-damage|p1a: Celesteela|30\/100
|move|p1a: Celesteela|Heavy Slam|p2a: Moltres
|-damage|p2a: Moltres|49\/100
|-ability|p2a: Moltres|Berserk|boost
|-boost|p2a: Moltres|spa|1
|-enditem|p2a: Moltres|Sitrus Berry|[eat]
|-heal|p2a: Moltres|74\/100|[from] item: Sitrus Berry
|
|-heal|p1a: Celesteela|36\/100|[from] item: Leftovers
|upkeep
|turn|20
|
|t:|1745548307
|move|p1a: Celesteela|Protect|p1a: Celesteela
|-singleturn|p1a: Celesteela|Protect
|move|p2a: Moltres|Hurricane|p1a: Celesteela
|-activate|p1a: Celesteela|move: Protect
|
|-heal|p1a: Celesteela|42\/100|[from] item: Leftovers
|upkeep
|turn|21
|
|t:|1745548316
|move|p2a: Moltres|Hurricane|p1a: Celesteela|[miss]
|-miss|p2a: Moltres|p1a: Celesteela
|move|p1a: Celesteela|Leech Seed|p2a: Moltres
|-start|p2a: Moltres|move: Leech Seed
|
|-heal|p1a: Celesteela|48\/100|[from] item: Leftovers
|-damage|p2a: Moltres|62\/100|[from] Leech Seed|[of] p1a: Celesteela
|-heal|p1a: Celesteela|59\/100|[silent]
|upkeep
|turn|22
|
|t:|1745548329
|move|p2a: Moltres|Fiery Wrath|p1a: Celesteela
|-damage|p1a: Celesteela|28\/100
|move|p1a: Celesteela|Flamethrower|p2a: Moltres
|-damage|p2a: Moltres|45\/100
|-ability|p2a: Moltres|Berserk|boost
|-boost|p2a: Moltres|spa|1
|
|-heal|p1a: Celesteela|34\/100|[from] item: Leftovers
|-damage|p2a: Moltres|33\/100|[from] Leech Seed|[of] p1a: Celesteela
|-heal|p1a: Celesteela|44\/100|[silent]
|upkeep
|turn|23
|
|t:|1745548341
|move|p1a: Celesteela|Protect|p1a: Celesteela
|-singleturn|p1a: Celesteela|Protect
|move|p2a: Moltres|Hurricane|p1a: Celesteela
|-activate|p1a: Celesteela|move: Protect
|
|-heal|p1a: Celesteela|50\/100|[from] item: Leftovers
|-damage|p2a: Moltres|20\/100|[from] Leech Seed|[of] p1a: Celesteela
|-heal|p1a: Celesteela|60\/100|[silent]
|upkeep
|turn|24
|
|t:|1745548351
|move|p2a: Moltres|Hurricane|p1a: Celesteela
|-resisted|p1a: Celesteela
|-damage|p1a: Celesteela|34\/100
|-start|p1a: Celesteela|confusion
|-activate|p1a: Celesteela|confusion
|move|p1a: Celesteela|Heavy Slam|p2a: Moltres
|-damage|p2a: Moltres|0 fnt
|faint|p2a: Moltres
|-ability|p1a: Celesteela|Beast Boost|boost
|-boost|p1a: Celesteela|spd|1
|
|-heal|p1a: Celesteela|40\/100|[from] item: Leftovers
|upkeep
|
|t:|1745548362
|switch|p2a: Corviknight|Corviknight, F|50\/100
|turn|25
|
|t:|1745548367
|move|p2a: Corviknight|Iron Defense|p2a: Corviknight
|-boost|p2a: Corviknight|def|2
|-activate|p1a: Celesteela|confusion
|move|p1a: Celesteela|Flamethrower|p2a: Corviknight
|-supereffective|p2a: Corviknight
|-damage|p2a: Corviknight|24\/100
|
|-heal|p1a: Celesteela|46\/100|[from] item: Leftovers
|upkeep
|turn|26
|
|t:|1745548379
|-end|p1a: Celesteela|confusion
|move|p1a: Celesteela|Protect|p1a: Celesteela
|-singleturn|p1a: Celesteela|Protect
|move|p2a: Corviknight|Body Press|p1a: Celesteela
|-activate|p1a: Celesteela|move: Protect
|
|-heal|p1a: Celesteela|53\/100|[from] item: Leftovers
|upkeep
|turn|27
|
|t:|1745548395
|move|p2a: Corviknight|Body Press|p1a: Celesteela
|-damage|p1a: Celesteela|21\/100
|move|p1a: Celesteela|Flamethrower|p2a: Corviknight
|-supereffective|p2a: Corviknight
|-damage|p2a: Corviknight|0 fnt
|faint|p2a: Corviknight
|
|win|Artman_Shan
|c|☆Artman_Shan|GGs
|c|☆TheRealDorge|GG

</script>
</div>
<div class="battle-log battle-log-inline"><div class="inner"><div class="battle-options"></div><div class="inner message-log"><div class="chat"><small>☆Artman_Shan and ☆TheRealDorge joined</small></div><div class=""><small>Format:</small> <br><strong>[Gen 9] NatDex Draft</strong></div><div class=""><small><em>Tera Type Preview:</em> Tera Types are shown at Team Preview</small></div><div class=""><small><em>Sleep Clause Mod:</em> Limit one foe put to sleep</small></div><div class=""><small><em>OHKO Clause:</em> OHKO moves are banned</small></div><div class=""><small><em>Evasion Clause:</em> Evasion abilities, items, and moves are banned</small></div><div class=""><small><em>Evasion Abilities Clause:</em> Evasion abilities are banned</small></div><div class=""><small><em>Evasion Items Clause:</em> Evasion items are banned</small></div><div class=""><small><em>Evasion Moves Clause:</em> Evasion moves are banned</small></div><div class=""><small><em>Endless Battle Clause:</em> Forcing endless battles is banned</small></div><div class=""><small><em>HP Percentage Mod:</em> HP is shown in percentages</small></div><div class="chat battle-history"><strong>Artman_Shan's team:</strong> <em style="color:#445566;display:block;">Tapu Koko / Celesteela / Donphan / Accelgor / Infernape / Ribombee</em></div><div class="chat battle-history"><strong>TheRealDorge's team:</strong> <em style="color:#445566;display:block;">Sneasler / Rillaboom / Clefable / Corviknight / Moltres-Galar / Glalie</em></div><div class="chat">Artman_Shan's Tera Types:<br><span class="picon" style="background:transparent url(https://play.pokemonshowdown.com/sprites/pokemonicons-sheet.png?v18) no-repeat scroll -200px -1950px"></span><img src="https://play.pokemonshowdown.com/sprites/types/Electric.png" alt="Electric" height="14" width="32" class="pixelated"> / <span class="picon" style="background:transparent url(https://play.pokemonshowdown.com/sprites/pokemonicons-sheet.png?v18) no-repeat scroll -200px -1980px"></span><img src="https://play.pokemonshowdown.com/sprites/types/Flying.png" alt="Flying" height="14" width="32" class="pixelated"> / <span class="picon" style="background:transparent url(https://play.pokemonshowdown.com/sprites/pokemonicons-sheet.png?v18) no-repeat scroll -160px -570px"></span><img src="https://play.pokemonshowdown.com/sprites/types/Ground.png" alt="Ground" height="14" width="32" class="pixelated"> / <span class="picon" style="background:transparent url(https://play.pokemonshowdown.com/sprites/pokemonicons-sheet.png?v18) no-repeat scroll -200px -1530px"></span><img src="https://play.pokemonshowdown.com/sprites/types/Water.png" alt="Water" height="14" width="32" class="pixelated"> / <span class="picon" style="background:transparent url(https://play.pokemonshowdown.com/sprites/pokemonicons-sheet.png?v18) no-repeat scroll -320px -960px"></span><img src="https://play.pokemonshowdown.com/sprites/types/Fire.png" alt="Fire" height="14" width="32" class="pixelated"> / <span class="picon" style="background:transparent url(https://play.pokemonshowdown.com/sprites/pokemonicons-sheet.png?v18) no-repeat scroll -440px -1830px"></span><img src="https://play.pokemonshowdown.com/sprites/types/Bug.png" alt="Bug" height="14" width="32" class="pixelated"></div><div class="chat">TheRealDorge's Tera Types:<br><span class="picon" style="background:transparent url(https://play.pokemonshowdown.com/sprites/pokemonicons-sheet.png?v18) no-repeat scroll -120px -2250px"></span><img src="https://play.pokemonshowdown.com/sprites/types/Fighting.png" alt="Fighting" height="14" width="32" class="pixelated"> / <span class="picon" style="background:transparent url(https://play.pokemonshowdown.com/sprites/pokemonicons-sheet.png?v18) no-repeat scroll -320px -2010px"></span><img src="https://play.pokemonshowdown.com/sprites/types/Grass.png" alt="Grass" height="14" width="32" class="pixelated"> / <span class="picon" style="background:transparent url(https://play.pokemonshowdown.com/sprites/pokemonicons-sheet.png?v18) no-repeat scroll -0px -90px"></span><img src="https://play.pokemonshowdown.com/sprites/types/Fairy.png" alt="Fairy" height="14" width="32" class="pixelated"> / <span class="picon" style="background:transparent url(https://play.pokemonshowdown.com/sprites/pokemonicons-sheet.png?v18) no-repeat scroll -280px -2040px"></span><img src="https://play.pokemonshowdown.com/sprites/types/Flying.png" alt="Flying" height="14" width="32" class="pixelated"> / <span class="picon" style="background:transparent url(https://play.pokemonshowdown.com/sprites/pokemonicons-sheet.png?v18) no-repeat scroll -400px -3060px"></span><img src="https://play.pokemonshowdown.com/sprites/types/Dark.png" alt="Dark" height="14" width="32" class="pixelated"> / <span class="picon" style="background:transparent url(https://play.pokemonshowdown.com/sprites/pokemonicons-sheet.png?v18) no-repeat scroll -80px -900px"></span><img src="https://play.pokemonshowdown.com/sprites/types/Ice.png" alt="Ice" height="14" width="32" class="pixelated"></div><div class="chat chatmessage-artmanshan"><strong style="color:#cc2eb9"><small class="groupsymbol">☆</small><span class="username">Artman_Shan</span>:</strong> <em>GLHF</em></div><div class="spacer battle-history"><br></div><div class="battle-history">Battle started between Artman_Shan and TheRealDorge!<br></div><div class="spacer battle-history"><br></div><div class="battle-history">Go! <strong>Ribombee</strong>!<br></div><div class="spacer battle-history"><br></div><div class="battle-history">TheRealDorge sent out <strong>Clefable</strong>!<br></div><div class="spacer battle-history"><br></div><h2 class="battle-history">Turn 1</h2><div class="spacer battle-history"><br></div><div class="battle-history">Ribombee used <strong>Stun Spore</strong>!<br></div><div class="battle-history"><small>The opposing Clefable is paralyzed! It may be unable to move!</small><br></div><div class="spacer battle-history"><br></div><div class="battle-history">The opposing Clefable used <strong>Flamethrower</strong>!<br></div><div class="battle-history"><small>It's super effective!</small><br></div><div class="battle-history"><small>(Ribombee lost 72% of its health!)</small><br></div><div class="spacer battle-history"><br></div><h2 class="battle-history">Turn 2</h2><div class="spacer battle-history"><br></div><div class="battle-history">Ribombee used <strong>Sticky Web</strong>!<br></div><div class="battle-history"><small>A sticky web has been laid out on the ground around the opposing team!</small><br></div><div class="spacer battle-history"><br></div><div class="battle-history">The opposing Clefable used <strong>Moonlight</strong>!<br></div><div class="battle-history"><small>The opposing Clefable's HP is full!</small><br></div><div class="spacer battle-history"><br></div><h2 class="battle-history">Turn 3</h2><div class="spacer battle-history"><br></div><div class="battle-history">Ribombee used <strong>Sticky Web</strong>!<br></div><div class="battle-history"><small>But it failed!</small><br></div><div class="spacer battle-history"><br></div><div class="battle-history">The opposing Clefable used <strong>Flamethrower</strong>!<br></div><div class="battle-history"><small>It's super effective!</small><br></div><div class="battle-history"><small>(Ribombee lost 28% of its health!)</small><br></div><div class="spacer battle-history"><br></div><div class="battle-history">Ribombee fainted!<br></div><div class="spacer battle-history"><br></div><div class="battle-history">Go! <strong>Celesteela</strong>!<br></div><div class="spacer battle-history"><br></div><h2 class="battle-history">Turn 4</h2><div class="spacer battle-history"><br></div><div class="battle-history">Celesteela used <strong>Heavy Slam</strong>!<br></div><div class="battle-history"><small>It's super effective!</small><br></div><div class="battle-history"><small>(The opposing Clefable lost 89% of its health!)</small><br></div><div class="spacer battle-history"><br></div><div class="battle-history">The opposing Clefable used <strong>Flamethrower</strong>!<br></div><div class="battle-history"><small>It's super effective!</small><br></div><div class="battle-history"><small>(Celesteela lost 26% of its health!)</small><br></div><div class="spacer battle-history"><br></div><div class="battle-history"><small>Celesteela restored a little HP using its Leftovers!</small><br></div><div class="battle-history"><small>The opposing Clefable restored a little HP using its Leftovers!</small><br></div><div class="spacer battle-history"><br></div><h2 class="battle-history">Turn 5</h2><div class="spacer battle-history"><br></div><div class="battle-history">Celesteela used <strong>Heavy Slam</strong>!<br></div><div class="battle-history"><small>It's super effective!</small><br></div><div class="battle-history"><small>(The opposing Clefable lost 17% of its health!)</small><br></div><div class="spacer battle-history"><br></div><div class="battle-history">The opposing Clefable fainted!<br></div><div class="battle-history">[Celesteela's Beast Boost]<br></div><div class="battle-history"><small>Celesteela's Sp. Def rose!</small><br></div><div class="spacer battle-history"><br></div><div class="battle-history"><small>Celesteela restored a little HP using its Leftovers!</small><br></div><div class="spacer battle-history"><br></div><div class="battle-history">TheRealDorge sent out <strong>Corviknight</strong>!<br></div><div class="spacer battle-history"><br></div><h2 class="battle-history">Turn 6</h2><div class="spacer battle-history"><br></div><div class="battle-history">Celesteela used <strong>Protect</strong>!<br></div><div class="battle-history"><small>Celesteela protected itself!</small><br></div><div class="spacer battle-history"><br></div><div class="battle-history">The opposing Corviknight used <strong>Defog</strong>!<br></div><div class="battle-history"><small>Celesteela protected itself!</small><br></div><div class="spacer battle-history"><br></div><div class="battle-history"><small>Celesteela restored a little HP using its Leftovers!</small><br></div><div class="spacer battle-history"><br></div><h2 class="battle-history">Turn 7</h2><div class="spacer battle-history"><br></div><div class="battle-history">The opposing Corviknight used <strong>Defog</strong>!<br></div><div class="battle-history"><small>Celesteela's evasiveness fell!</small><br></div><div class="battle-history"><small>The sticky web has disappeared from the ground around the opposing team!</small><br></div><div class="spacer battle-history"><br></div><div class="battle-history">Celesteela used <strong>Flamethrower</strong>!<br></div><div class="battle-history"><small>It's super effective!</small><br></div><div class="battle-history"><small>(The opposing Corviknight lost 25% of its health!)</small><br></div><div class="spacer battle-history"><br></div><div class="battle-history"><small>Celesteela restored a little HP using its Leftovers!</small><br></div><div class="spacer battle-history"><br></div><h2 class="battle-history">Turn 8</h2><div class="spacer battle-history"><br></div><div class="battle-history">The opposing Corviknight used <strong>Body Press</strong>!<br></div><div class="battle-history"><small>(Celesteela lost 16% of its health!)</small><br></div><div class="spacer battle-history"><br></div><div class="battle-history">Celesteela used <strong>Flamethrower</strong>!<br></div><div class="battle-history"><small>It's super effective!</small><br></div><div class="battle-history"><small>(The opposing Corviknight lost 25% of its health!)</small><br></div><div class="spacer battle-history"><br></div><div class="battle-history"><small>Celesteela restored a little HP using its Leftovers!</small><br></div><div class="spacer battle-history"><br></div><h2 class="battle-history">Turn 9</h2><div class="spacer battle-history"><br></div><div class="battle-history">The opposing Corviknight used <strong>U-turn</strong>!<br></div><div class="battle-history"><small>It's not very effective...</small><br></div><div class="battle-history"><small>(Celesteela lost 3% of its health!)</small><br></div><div class="spacer battle-history"><br></div><div class="battle-history">The opposing Corviknight went back to TheRealDorge!<br></div><div class="battle-history">TheRealDorge sent out <strong>Sneasler</strong>!<br></div><div class="spacer battle-history"><br></div><div class="battle-history">Celesteela used <strong>Flamethrower</strong>!<br></div><div class="battle-history"><small>(The opposing Sneasler lost 26% of its health!)</small><br></div><div class="spacer battle-history"><br></div><div class="battle-history"><small>Celesteela restored a little HP using its Leftovers!</small><br></div><div class="spacer battle-history"><br></div><h2 class="battle-history">Turn 10</h2><div class="spacer battle-history"><br></div><div class="battle-history">Celesteela, come back!<br></div><div class="battle-history">Go! <strong>Tapu Koko</strong>!<br></div><div class="battle-history">[Tapu Koko's Electric Surge]<br><small>An electric current ran across the battlefield!</small><br></div><div class="spacer battle-history"><br></div><div class="battle-history">The opposing Sneasler used <strong>Close Combat</strong>!<br></div><div class="battle-history"><small>It's not very effective...</small><br></div><div class="battle-history"><small>(Tapu Koko lost 71% of its health!)</small><br></div><div class="battle-history"><small>The opposing Sneasler's Defense fell!</small><br></div><div class="battle-history"><small>The opposing Sneasler's Sp. Def fell!</small><br></div><div class="spacer battle-history"><br></div><h2 class="battle-history">Turn 11</h2><div class="spacer battle-history"><br></div><div class="battle-history">Tapu Koko used <strong>Volt Switch</strong>!<br></div><div class="battle-history"><small>(The opposing Sneasler lost 74% of its health!)</small><br></div><div class="spacer battle-history"><br></div><div class="battle-history">The opposing Sneasler fainted!<br></div><div class="spacer battle-history"><br></div><div class="battle-history">Tapu Koko went back to Artman_Shan!<br></div><div class="battle-history">Go! <strong>Celesteela</strong>!<br></div><div class="spacer battle-history"><br></div><div class="battle-history"><small>Celesteela restored a little HP using its Leftovers!</small><br></div><div class="spacer battle-history"><br></div><div class="battle-history">TheRealDorge sent out <strong>Rillaboom</strong>!<br></div><div class="battle-history">[The opposing Rillaboom's Grassy Surge]<br><small>Grass grew to cover the battlefield!</small><br></div><div class="spacer battle-history"><br></div><h2 class="battle-history">Turn 12</h2><div class="spacer battle-history"><br></div><div class="battle-history">Celesteela used <strong>Protect</strong>!<br></div><div class="battle-history"><small>Celesteela protected itself!</small><br></div><div class="spacer battle-history"><br></div><div class="battle-history">The opposing Rillaboom used <strong>Earthquake</strong>!<br></div><div class="battle-history"><small>Celesteela protected itself!</small><br></div><div class="spacer battle-history"><br></div><div class="battle-history"><small>Celesteela restored a little HP using its Leftovers!</small><br></div><div class="spacer battle-history"><br></div><h2 class="battle-history">Turn 13</h2><div class="chat"><small> Astro Rifk joined</small></div><div class="spacer battle-history"><br></div><div class="battle-history">The opposing Rillaboom used <strong>Earthquake</strong>!<br></div><div class="battle-history"><small>It doesn't affect Celesteela...</small><br></div><div class="spacer battle-history"><br></div><div class="battle-history">Celesteela used <strong>Heavy Slam</strong>!<br></div><div class="battle-history"><small>(The opposing Rillaboom lost 47% of its health!)</small><br></div><div class="spacer battle-history"><br></div><div class="battle-history"><small>The opposing Rillaboom's HP was restored.</small><br></div><div class="spacer battle-history"><br></div><h2 class="battle-history">Turn 14</h2><div class="spacer battle-history"><br></div><div class="battle-history">The opposing Rillaboom used <strong>U-turn</strong>!<br></div><div class="battle-history"><small>It's not very effective...</small><br></div><div class="battle-history"><small>(Celesteela lost 4% of its health!)</small><br></div><div class="chat chatmessage-therealdorge"><strong style="color:#8686d5"><small class="groupsymbol">☆</small><span class="username">TheRealDorge</span>:</strong> <em>im stupid</em></div><div class="spacer battle-history"><br></div><div class="battle-history">The opposing Rillaboom went back to TheRealDorge!<br></div><div class="battle-history">TheRealDorge sent out <strong>Glalie</strong>!<br></div><div class="spacer battle-history"><br></div><div class="battle-history">Celesteela used <strong>Flamethrower</strong>!<br></div><div class="battle-history"><small>It's super effective!</small><br></div><div class="battle-history"><small>A critical hit!</small><br></div><div class="battle-history"><small>(The opposing Glalie lost 74% of its health!)</small><br></div><div class="spacer battle-history"><br></div><div class="battle-history"><small>The opposing Glalie's HP was restored.</small><br></div><div class="battle-history"><small>Celesteela restored a little HP using its Leftovers!</small><br></div><div class="spacer battle-history"><br></div><h2 class="battle-history">Turn 15</h2><div class="spacer battle-history"><br></div><div class="battle-history"><small>The opposing Glalie's Glalitite is reacting to the Key Stone!</small><br>The opposing Glalie has Mega Evolved into Mega Glalie!<br></div><div class="spacer battle-history"><br></div><div class="battle-history">The opposing Glalie used <strong>Return</strong>!<br></div><div class="battle-history"><small>(Celesteela lost 41% of its health!)</small><br></div><div class="spacer battle-history"><br></div><div class="battle-history">Celesteela used <strong>Heavy Slam</strong>!<br></div><div class="battle-history"><small>It's super effective!</small><br></div><div class="battle-history"><small>(The opposing Glalie lost 32% of its health!)</small><br></div><div class="spacer battle-history"><br></div><div class="battle-history">The opposing Glalie fainted!<br></div><div class="battle-history">[Celesteela's Beast Boost]<br></div><div class="battle-history"><small>Celesteela's Sp. Def rose!</small><br></div><div class="spacer battle-history"><br></div><div class="battle-history"><small>Celesteela restored a little HP using its Leftovers!</small><br></div><div class="spacer battle-history"><br></div><div class="battle-history">TheRealDorge sent out <strong>Rillaboom</strong>!<br></div><div class="spacer battle-history"><br></div><h2 class="battle-history">Turn 16</h2><div class="spacer battle-history"><br></div><div class="battle-history">The opposing Rillaboom used <strong>Wood Hammer</strong>!<br></div><div class="battle-history"><small>It's not very effective...</small><br></div><div class="battle-history"><small>(Celesteela lost 16% of its health!)</small><br></div><div class="battle-history"><small>The opposing Rillaboom was damaged by the recoil!</small><br></div><div class="spacer battle-history"><br></div><div class="battle-history">Celesteela used <strong>Flamethrower</strong>!<br></div><div class="battle-history"><small>It's super effective!</small><br></div><div class="battle-history"><small>(The opposing Rillaboom lost 36% of its health!)</small><br></div><div class="spacer battle-history"><br></div><div class="battle-history"><small>The opposing Rillaboom's HP was restored.</small><br></div><div class="battle-history"><small>Celesteela restored a little HP using its Leftovers!</small><br></div><div class="battle-history"><small>The grass disappeared from the battlefield.</small><br></div><div class="spacer battle-history"><br></div><h2 class="battle-history">Turn 17</h2><div class="chat chatmessage-astrorifk"><strong style="color:#226fe1"><small class="groupsymbol"> </small><span class="username">Astro Rifk</span>:</strong> <em>oh this is such a gen 7 team @artman</em></div><div class="chat chatmessage-astrorifk"><strong style="color:#226fe1"><small class="groupsymbol"> </small><span class="username">Astro Rifk</span>:</strong> <em>peak</em></div><div class="spacer battle-history"><br></div><div class="battle-history">The opposing Rillaboom used <strong>Wood Hammer</strong>!<br></div><div class="battle-history"><small>It's not very effective...</small><br></div><div class="battle-history"><small>(Celesteela lost 10% of its health!)</small><br></div><div class="battle-history"><small>The opposing Rillaboom was damaged by the recoil!</small><br></div><div class="spacer battle-history"><br></div><div class="battle-history">Celesteela used <strong>Flamethrower</strong>!<br></div><div class="battle-history"><small>It's super effective!</small><br></div><div class="battle-history"><small>(The opposing Rillaboom lost 19% of its health!)</small><br></div><div class="spacer battle-history"><br></div><div class="battle-history">The opposing Rillaboom fainted!<br></div><div class="battle-history">[Celesteela's Beast Boost]<br></div><div class="battle-history"><small>Celesteela's Sp. Def rose!</small><br></div><div class="spacer battle-history"><br></div><div class="battle-history"><small>Celesteela restored a little HP using its Leftovers!</small><br></div><div class="spacer battle-history"><br></div><div class="battle-history">TheRealDorge sent out Moltres (<strong>Moltres-Galar</strong>)!<br></div><div class="spacer battle-history"><br></div><h2 class="battle-history">Turn 18</h2><div class="spacer battle-history"><br></div><div class="battle-history">Celesteela used <strong>Protect</strong>!<br></div><div class="battle-history"><small>Celesteela protected itself!</small><br></div><div class="spacer battle-history"><br></div><div class="battle-history">The opposing Moltres used <strong>Nasty Plot</strong>!<br></div><div class="battle-history"><small>The opposing Moltres's Sp. Atk rose sharply!</small><br></div><div class="spacer battle-history"><br></div><div class="battle-history"><small>Celesteela restored a little HP using its Leftovers!</small><br></div><div class="spacer battle-history"><br></div><h2 class="battle-history">Turn 19</h2><div class="spacer battle-history"><br></div><div class="battle-history">The opposing Moltres used <strong>Fiery Wrath</strong>!<br></div><div class="battle-history"><small>(Celesteela lost 27% of its health!)</small><br></div><div class="spacer battle-history"><br></div><div class="battle-history">Celesteela used <strong>Heavy Slam</strong>!<br></div><div class="battle-history"><small>(The opposing Moltres lost 51% of its health!)</small><br></div><div class="battle-history">[The opposing Moltres's Berserk]<br></div><div class="battle-history"><small>The opposing Moltres's Sp. Atk rose!</small><br></div><div class="battle-history"><small>(The opposing Moltres ate its Sitrus Berry!)</small><br></div><div class="battle-history"><small>The opposing Moltres restored HP using its Sitrus Berry!</small><br></div><div class="spacer battle-history"><br></div><div class="battle-history"><small>Celesteela restored a little HP using its Leftovers!</small><br></div><div class="spacer battle-history"><br></div><h2 class="battle-history">Turn 20</h2><div class="spacer battle-history"><br></div><div class="battle-history">Celesteela used <strong>Protect</strong>!<br></div><div class="battle-history"><small>Celesteela protected itself!</small><br></div><div class="spacer battle-history"><br></div><div class="battle-history">The opposing Moltres used <strong>Hurricane</strong>!<br></div><div class="battle-history"><small>Celesteela protected itself!</small><br></div><div class="spacer battle-history"><br></div><div class="battle-history"><small>Celesteela restored a little HP using its Leftovers!</small><br></div><div class="spacer battle-history"><br></div><h2 class="battle-history">Turn 21</h2><div class="spacer battle-history"><br></div><div class="battle-history">The opposing Moltres used <strong>Hurricane</strong>!<br></div><div class="battle-history"><small>Celesteela avoided the attack!</small><br></div><div class="spacer battle-history"><br></div><div class="battle-history">Celesteela used <strong>Leech Seed</strong>!<br></div><div class="battle-history"><small>The opposing Moltres was seeded!</small><br></div><div class="spacer battle-history"><br></div><div class="battle-history"><small>Celesteela restored a little HP using its Leftovers!</small><br></div><div class="battle-history"><small>The opposing Moltres's health is sapped by Leech Seed!</small><br></div><div class="spacer battle-history"><br></div><h2 class="battle-history">Turn 22</h2><div class="spacer battle-history"><br></div><div class="battle-history">The opposing Moltres used <strong>Fiery Wrath</strong>!<br></div><div class="battle-history"><small>(Celesteela lost 31% of its health!)</small><br></div><div class="spacer battle-history"><br></div><div class="battle-history">Celesteela used <strong>Flamethrower</strong>!<br></div><div class="battle-history"><small>(The opposing Moltres lost 17% of its health!)</small><br></div><div class="battle-history">[The opposing Moltres's Berserk]<br></div><div class="battle-history"><small>The opposing Moltres's Sp. Atk rose!</small><br></div><div class="spacer battle-history"><br></div><div class="battle-history"><small>Celesteela restored a little HP using its Leftovers!</small><br></div><div class="battle-history"><small>The opposing Moltres's health is sapped by Leech Seed!</small><br></div><div class="spacer battle-history"><br></div><h2 class="battle-history">Turn 23</h2><div class="spacer battle-history"><br></div><div class="battle-history">Celesteela used <strong>Protect</strong>!<br></div><div class="battle-history"><small>Celesteela protected itself!</small><br></div><div class="spacer battle-history"><br></div><div class="battle-history">The opposing Moltres used <strong>Hurricane</strong>!<br></div><div class="battle-history"><small>Celesteela protected itself!</small><br></div><div class="spacer battle-history"><br></div><div class="battle-history"><small>Celesteela restored a little HP using its Leftovers!</small><br></div><div class="battle-history"><small>The opposing Moltres's health is sapped by Leech Seed!</small><br></div><div class="spacer battle-history"><br></div><h2 class="battle-history">Turn 24</h2><div class="spacer battle-history"><br></div><div class="battle-history">The opposing Moltres used <strong>Hurricane</strong>!<br></div><div class="battle-history"><small>It's not very effective...</small><br></div><div class="battle-history"><small>(Celesteela lost 26% of its health!)</small><br></div><div class="battle-history"><small>Celesteela became confused!</small><br></div><div class="spacer battle-history"><br></div><div class="battle-history"><small>Celesteela is confused!</small><br></div><div class="battle-history">Celesteela used <strong>Heavy Slam</strong>!<br></div><div class="battle-history"><small>(The opposing Moltres lost 20% of its health!)</small><br></div><div class="spacer battle-history"><br></div><div class="battle-history">The opposing Moltres fainted!<br></div><div class="battle-history">[Celesteela's Beast Boost]<br></div><div class="battle-history"><small>Celesteela's Sp. Def rose!</small><br></div><div class="spacer battle-history"><br></div><div class="battle-history"><small>Celesteela restored a little HP using its Leftovers!</small><br></div><div class="spacer battle-history"><br></div><div class="battle-history">TheRealDorge sent out <strong>Corviknight</strong>!<br></div><div class="spacer battle-history"><br></div><h2 class="battle-history">Turn 25</h2><div class="spacer battle-history"><br></div><div class="battle-history">The opposing Corviknight used <strong>Iron Defense</strong>!<br></div><div class="battle-history"><small>The opposing Corviknight's Defense rose sharply!</small><br></div><div class="spacer battle-history"><br></div><div class="battle-history"><small>Celesteela is confused!</small><br></div><div class="battle-history">Celesteela used <strong>Flamethrower</strong>!<br></div><div class="battle-history"><small>It's super effective!</small><br></div><div class="battle-history"><small>(The opposing Corviknight lost 26% of its health!)</small><br></div><div class="spacer battle-history"><br></div><div class="battle-history"><small>Celesteela restored a little HP using its Leftovers!</small><br></div><div class="spacer battle-history"><br></div><h2 class="battle-history">Turn 26</h2><div class="spacer battle-history"><br></div><div class="battle-history"><small>Celesteela snapped out of its confusion!</small><br></div><div class="spacer battle-history"><br></div><div class="battle-history">Celesteela used <strong>Protect</strong>!<br></div><div class="battle-history"><small>Celesteela protected itself!</small><br></div><div class="spacer battle-history"><br></div><div class="battle-history">The opposing Corviknight used <strong>Body Press</strong>!<br></div><div class="battle-history"><small>Celesteela protected itself!</small><br></div><div class="spacer battle-history"><br></div><div class="battle-history"><small>Celesteela restored a little HP using its Leftovers!</small><br></div><div class="spacer battle-history"><br></div><h2 class="battle-history">Turn 27</h2><div class="spacer battle-history"><br></div><div class="battle-history">The opposing Corviknight used <strong>Body Press</strong>!<br></div><div class="battle-history"><small>(Celesteela lost 32% of its health!)</small><br></div><div class="spacer battle-history"><br></div><div class="battle-history">Celesteela used <strong>Flamethrower</strong>!<br></div><div class="battle-history"><small>It's super effective!</small><br></div><div class="battle-history"><small>(The opposing Corviknight lost 24% of its health!)</small><br></div><div class="spacer battle-history"><br></div><div class="battle-history">The opposing Corviknight fainted!<br></div><div class="spacer battle-history"><br></div><div class="battle-history"><strong>Artman_Shan</strong> won the battle!<br></div><div class="chat chatmessage-artmanshan"><strong style="color:#cc2eb9"><small class="groupsymbol">☆</small><span class="username">Artman_Shan</span>:</strong> <em>GGs</em></div><div class="chat chatmessage-therealdorge"><strong style="color:#8686d5"><small class="groupsymbol">☆</small><span class="username">TheRealDorge</span>:</strong> <em>GG</em></div></div><div class="inner-preempt message-log"></div></div></div>
</div>
<script>
let daily = Math.floor(Date.now()/1000/60/60/24);document.write('<script src="https://play.pokemonshowdown.com/js/replay-embed.js?version'+daily+'"></'+'script>');
</script>
