<!DOCTYPE html>
<meta charset="utf-8" />
<!-- version 1 -->
<title>[Gen 9] NatDex Draft replay: Pivot BVB vs. superpanchi</title>
<style>
html,body {font-family:Verdana, sans-serif;font-size:10pt;margin:0;padding:0;}body{padding:12px 0;} .battle-log {font-family:Verdana, sans-serif;font-size:10pt;} .battle-log-inline {border:1px solid #AAAAAA;background:#EEF2F5;color:black;max-width:640px;margin:0 auto 80px;padding-bottom:5px;} .battle-log .inner {padding:4px 8px 0px 8px;} .battle-log .inner-preempt {padding:0 8px 4px 8px;} .battle-log .inner-after {margin-top:0.5em;} .battle-log h2 {margin:0.5em -8px;padding:4px 8px;border:1px solid #AAAAAA;background:#E0E7EA;border-left:0;border-right:0;font-family:Verdana, sans-serif;font-size:13pt;} .battle-log .chat {vertical-align:middle;padding:3px 0 3px 0;font-size:8pt;} .battle-log .chat strong {color:#40576A;} .battle-log .chat em {padding:1px 4px 1px 3px;color:#000000;font-style:normal;} .chat.mine {background:rgba(0,0,0,0.05);margin-left:-8px;margin-right:-8px;padding-left:8px;padding-right:8px;} .spoiler {color:#BBBBBB;background:#BBBBBB;padding:0px 3px;} .spoiler:hover, .spoiler:active, .spoiler-shown {color:#000000;background:#E2E2E2;padding:0px 3px;} .spoiler a {color:#BBBBBB;} .spoiler:hover a, .spoiler:active a, .spoiler-shown a {color:#2288CC;} .chat code, .chat .spoiler:hover code, .chat .spoiler:active code, .chat .spoiler-shown code {border:1px solid #C0C0C0;background:#EEEEEE;color:black;padding:0 2px;} .chat .spoiler code {border:1px solid #CCCCCC;background:#CCCCCC;color:#CCCCCC;} .battle-log .rated {padding:3px 4px;} .battle-log .rated strong {color:white;background:#89A;padding:1px 4px;border-radius:4px;} .spacer {margin-top:0.5em;} .message-announce {background:#6688AA;color:white;padding:1px 4px 2px;} .message-announce a, .broadcast-green a, .broadcast-blue a, .broadcast-red a {color:#DDEEFF;} .broadcast-green {background-color:#559955;color:white;padding:2px 4px;} .broadcast-blue {background-color:#6688AA;color:white;padding:2px 4px;} .infobox {border:1px solid #6688AA;padding:2px 4px;} .infobox-limited {max-height:200px;overflow:auto;overflow-x:hidden;} .broadcast-red {background-color:#AA5544;color:white;padding:2px 4px;} .message-learn-canlearn {font-weight:bold;color:#228822;text-decoration:underline;} .message-learn-cannotlearn {font-weight:bold;color:#CC2222;text-decoration:underline;} .message-effect-weak {font-weight:bold;color:#CC2222;} .message-effect-resist {font-weight:bold;color:#6688AA;} .message-effect-immune {font-weight:bold;color:#666666;} .message-learn-list {margin-top:0;margin-bottom:0;} .message-throttle-notice, .message-error {color:#992222;} .message-overflow, .chat small.message-overflow {font-size:0pt;} .message-overflow::before {font-size:9pt;content:'...';} .subtle {color:#3A4A66;}
</style>
<div class="wrapper replay-wrapper" style="max-width:1180px;margin:0 auto">
<input type="hidden" name="replayid" value="gen9natdexdraft-2350027174" />
<div class="battle"></div><div class="battle-log"></div><div class="replay-controls"></div><div class="replay-controls-2"></div>
<h1 style="font-weight:normal;text-align:center"><strong>[Gen 9] NatDex Draft</strong><br /><a href="http://pokemonshowdown.com/users/pivotbvb" class="subtle" target="_blank">Pivot BVB</a> vs. <a href="http://pokemonshowdown.com/users/superpanchi" class="subtle" target="_blank">superpanchi</a></h1>
<script type="text/plain" class="battle-log-data">|j|☆Pivot BVB
|j|☆superpanchi

|t:|1745529262
|gametype|singles
|player|p1|Pivot BVB|unknown|
|player|p2|superpanchi|bellhop|
|teamsize|p1|6
|teamsize|p2|6
|gen|9
|tier|[Gen 9] NatDex Draft
|rule|Sleep Clause Mod: Limit one foe put to sleep
|rule|OHKO Clause: OHKO moves are banned
|rule|Evasion Clause: Evasion abilities, items, and moves are banned
|rule|Evasion Abilities Clause: Evasion abilities are banned
|rule|Evasion Items Clause: Evasion items are banned
|rule|Evasion Moves Clause: Evasion moves are banned
|rule|Endless Battle Clause: Forcing endless battles is banned
|rule|HP Percentage Mod: HP is shown in percentages
|clearpoke
|poke|p1|Kyurem|
|poke|p1|Scizor, M|
|poke|p1|Muk-Alola, F|
|poke|p1|Swampert, F|
|poke|p1|Keldeo-Resolute|
|poke|p1|Jolteon, M|
|poke|p2|Beedrill, F|
|poke|p2|Palafin, M|
|poke|p2|Lunatone|
|poke|p2|Wigglytuff, M|
|poke|p2|Tornadus-Therian, M|
|poke|p2|Rotom-Mow|
|teampreview
|
|t:|1745529281
|start
|switch|p1a: Jolteon|Jolteon, M|100\/100
|switch|p2a: Palafin|Palafin, M|351\/351
|turn|1
|
|t:|1745529289
|detailschange|p2a: Palafin|Palafin-Hero, M
|switch|p2a: Rotom|Rotom-Mow|263\/263
|move|p1a: Jolteon|Light Screen|p1a: Jolteon
|-sidestart|p1: Pivot BVB|move: Light Screen
|
|upkeep
|turn|2
|
|t:|1745529297
|move|p1a: Jolteon|Volt Switch|p2a: Rotom
|-resisted|p2a: Rotom
|-damage|p2a: Rotom|239\/263
|
|t:|1745529300
|switch|p1a: Muk|Muk-Alola, F|100\/100|[from] Volt Switch
|move|p2a: Rotom|Will-O-Wisp|p1a: Muk
|-status|p1a: Muk|brn
|
|-heal|p2a: Rotom|255\/263|[from] item: Leftovers
|-damage|p1a: Muk|94\/100 brn|[from] brn
|upkeep
|turn|3
|
|t:|1745529310
|move|p2a: Rotom|Defog|p1a: Muk
|-unboost|p1a: Muk|evasion|1
|-sideend|p1: Pivot BVB|move: Light Screen
|move|p1a: Muk|Knock Off|p2a: Rotom
|-damage|p2a: Rotom|190\/263
|-status|p2a: Rotom|psn|[from] ability: Poison Touch|[of] p1a: Muk
|-enditem|p2a: Rotom|Leftovers|[from] move: Knock Off|[of] p1a: Muk
|
|-damage|p2a: Rotom|158\/263 psn|[from] psn
|-damage|p1a: Muk|88\/100 brn|[from] brn
|upkeep
|turn|4
|
|t:|1745529320
|move|p2a: Rotom|Volt Switch|p1a: Muk
|-damage|p1a: Muk|66\/100 brn
|-activate|p2a: Rotom|move: Pursuit
|move|p1a: Muk|Pursuit|p2a: Rotom|[from] Pursuit
|-damage|p2a: Rotom|104\/263 psn
|
|t:|1745529331
|switch|p2a: Beedrill|Beedrill, F|271\/271|[from] Volt Switch
|
|-damage|p1a: Muk|60\/100 brn|[from] brn
|upkeep
|turn|5
|
|t:|1745529347
|switch|p1a: Swampert|Swampert, F|100\/100
|detailschange|p2a: Beedrill|Beedrill-Mega, F
|-mega|p2a: Beedrill|Beedrill|Beedrillite
|move|p2a: Beedrill|X-Scissor|p1a: Swampert
|-damage|p1a: Swampert|42\/100
|
|-heal|p1a: Swampert|48\/100|[from] item: Leftovers
|upkeep
|turn|6
|
|t:|1745529356
|move|p2a: Beedrill|X-Scissor|p1a: Swampert
|-damage|p1a: Swampert|0 fnt
|faint|p1a: Swampert
|
|upkeep
|
|t:|1745529368
|switch|p1a: Scizor|Scizor, M|100\/100
|turn|7
|
|t:|1745529373
|detailschange|p1a: Scizor|Scizor-Mega, M
|-mega|p1a: Scizor|Scizor|Scizorite
|move|p2a: Beedrill|U-turn|p1a: Scizor
|-resisted|p1a: Scizor
|-damage|p1a: Scizor|82\/100
|
|t:|1745529379
|switch|p2a: Tornadus|Tornadus-Therian, M|325\/325|[from] U-turn
|move|p1a: Scizor|Knock Off|p2a: Tornadus
|-damage|p2a: Tornadus|201\/325
|-enditem|p2a: Tornadus|Leftovers|[from] move: Knock Off|[of] p1a: Scizor
|
|upkeep
|turn|8
|
|t:|1745529392
|switch|p1a: Jolteon|Jolteon, M|100\/100
|move|p2a: Tornadus|Heat Wave|p1a: Jolteon
|-damage|p1a: Jolteon|64\/100
|
|upkeep
|turn|9
|
|t:|1745529399
|switch|p2a: Rotom|Rotom-Mow|104\/263 psn
|move|p1a: Jolteon|Volt Switch|p2a: Rotom
|-resisted|p2a: Rotom
|-damage|p2a: Rotom|78\/263 psn
|
|t:|1745529408
|switch|p1a: Kyurem|Kyurem|100\/100|[from] Volt Switch
|-ability|p1a: Kyurem|Pressure
|
|-damage|p2a: Rotom|46\/263 psn|[from] psn
|upkeep
|turn|10
|
|t:|1745529415
|switch|p2a: Wigglytuff|Wigglytuff, M|483\/483
|-item|p1a: Kyurem|Heavy-Duty Boots|[from] ability: Frisk|[of] p2a: Wigglytuff
|move|p1a: Kyurem|Substitute|p1a: Kyurem
|-start|p1a: Kyurem|Substitute
|-damage|p1a: Kyurem|76\/100
|
|upkeep
|turn|11
|
|t:|1745529424
|move|p1a: Kyurem|Freeze-Dry|p2a: Wigglytuff
|-damage|p2a: Wigglytuff|353\/483
|move|p2a: Wigglytuff|Dazzling Gleam|p1a: Kyurem
|-supereffective|p1a: Kyurem
|-end|p1a: Kyurem|Substitute
|
|-heal|p2a: Wigglytuff|383\/483|[from] item: Leftovers
|upkeep
|turn|12
|
|t:|1745529436
|switch|p1a: Scizor|Scizor-Mega, M|82\/100
|move|p2a: Wigglytuff|Dazzling Gleam|p1a: Scizor
|-resisted|p1a: Scizor
|-damage|p1a: Scizor|71\/100
|
|-heal|p2a: Wigglytuff|413\/483|[from] item: Leftovers
|upkeep
|turn|13
|
|t:|1745529444
|-terastallize|p2a: Wigglytuff|Steel
|move|p1a: Scizor|Toxic|p2a: Wigglytuff
|-immune|p2a: Wigglytuff
|move|p2a: Wigglytuff|Thunder Wave|p1a: Scizor|[miss]
|-miss|p2a: Wigglytuff|p1a: Scizor
|
|-heal|p2a: Wigglytuff|443\/483|[from] item: Leftovers
|upkeep
|turn|14
|
|t:|1745529456
|move|p1a: Scizor|Knock Off|p2a: Wigglytuff
|-damage|p2a: Wigglytuff|250\/483
|-enditem|p2a: Wigglytuff|Leftovers|[from] move: Knock Off|[of] p1a: Scizor
|move|p2a: Wigglytuff|Stealth Rock|p1a: Scizor
|-sidestart|p1: Pivot BVB|move: Stealth Rock
|
|upkeep
|turn|15
|
|t:|1745529461
|move|p1a: Scizor|U-turn|p2a: Wigglytuff
|-resisted|p2a: Wigglytuff
|-damage|p2a: Wigglytuff|134\/483
|
|t:|1745529468
|switch|p1a: Jolteon|Jolteon, M|64\/100|[from] U-turn
|-damage|p1a: Jolteon|52\/100|[from] Stealth Rock
|move|p2a: Wigglytuff|Baton Pass|p2a: Wigglytuff
|
|t:|1745529473
|switch|p2a: Beedrill|Beedrill-Mega, F|271\/271|[from] Baton Pass
|
|upkeep
|turn|16
|
|t:|1745529485
|move|p1a: Jolteon|Reflect|p1a: Jolteon
|-sidestart|p1: Pivot BVB|Reflect
|move|p2a: Beedrill|U-turn|p1a: Jolteon
|-damage|p1a: Jolteon|0 fnt
|faint|p1a: Jolteon
|
|t:|1745529500
|switch|p2a: Wigglytuff|Wigglytuff, M, tera:Steel|134\/483|[from] U-turn
|
|upkeep
|
|t:|1745529507
|switch|p1a: Keldeo|Keldeo-Resolute|100\/100
|-damage|p1a: Keldeo|94\/100|[from] Stealth Rock
|turn|17
|
|t:|1745529513
|move|p1a: Keldeo|Surf|p2a: Wigglytuff
|-damage|p2a: Wigglytuff|0 fnt
|faint|p2a: Wigglytuff
|
|-heal|p1a: Keldeo|100\/100|[from] item: Leftovers
|upkeep
|
|t:|1745529533
|switch|p2a: Tornadus|Tornadus-Therian, M|309\/325
|turn|18
|
|t:|1745529542
|switch|p1a: Muk|Muk-Alola, F|60\/100 brn
|-damage|p1a: Muk|47\/100 brn|[from] Stealth Rock
|move|p2a: Tornadus|Bleakwind Storm|p1a: Muk
|-damage|p1a: Muk|16\/100 brn
|
|-damage|p1a: Muk|10\/100 brn|[from] brn
|upkeep
|turn|19
|
|t:|1745529552
|move|p2a: Tornadus|Heat Wave|p1a: Muk
|-crit|p1a: Muk
|-damage|p1a: Muk|0 fnt
|faint|p1a: Muk
|
|upkeep
|
|t:|1745529553
|switch|p1a: Kyurem|Kyurem|76\/100
|-ability|p1a: Kyurem|Pressure
|turn|20
|
|t:|1745529565
|move|p2a: Tornadus|Taunt|p1a: Kyurem
|-start|p1a: Kyurem|move: Taunt
|move|p1a: Kyurem|Freeze-Dry|p2a: Tornadus
|-supereffective|p2a: Tornadus
|-damage|p2a: Tornadus|55\/325
|
|-sideend|p1: Pivot BVB|Reflect
|upkeep
|turn|21
|
|t:|1745529573
|move|p2a: Tornadus|Bleakwind Storm|p1a: Kyurem
|-damage|p1a: Kyurem|32\/100
|move|p1a: Kyurem|Freeze-Dry|p2a: Tornadus
|-supereffective|p2a: Tornadus
|-damage|p2a: Tornadus|0 fnt
|faint|p2a: Tornadus
|
|upkeep
|
|t:|1745529582
|switch|p2a: Beedrill|Beedrill-Mega, F|271\/271
|turn|22
|
|t:|1745529585
|switch|p1a: Scizor|Scizor-Mega, M|71\/100
|-damage|p1a: Scizor|59\/100|[from] Stealth Rock
|move|p2a: Beedrill|U-turn|p1a: Scizor
|-resisted|p1a: Scizor
|-damage|p1a: Scizor|40\/100
|
|t:|1745529591
|switch|p2a: Palafin|Palafin-Hero, M|351\/351|[from] U-turn
|-activate|p2a: Palafin|ability: Zero to Hero
|
|upkeep
|turn|23
|
|t:|1745529603
|move|p2a: Palafin|Flip Turn|p1a: Scizor
|-damage|p1a: Scizor|7\/100
|
|t:|1745529607
|switch|p2a: Rotom|Rotom-Mow|46\/263 psn|[from] Flip Turn
|move|p1a: Scizor|Roost|p1a: Scizor
|-heal|p1a: Scizor|57\/100
|-singleturn|p1a: Scizor|move: Roost
|
|-damage|p2a: Rotom|14\/263 psn|[from] psn
|upkeep
|turn|24
|
|t:|1745529614
|move|p2a: Rotom|Will-O-Wisp|p1a: Scizor
|-status|p1a: Scizor|brn
|move|p1a: Scizor|Roost|p1a: Scizor
|-heal|p1a: Scizor|100\/100 brn
|-singleturn|p1a: Scizor|move: Roost
|
|-damage|p2a: Rotom|0 fnt|[from] psn
|faint|p2a: Rotom
|-damage|p1a: Scizor|94\/100 brn|[from] brn
|upkeep
|
|t:|1745529623
|switch|p2a: Palafin|Palafin-Hero, M|351\/351
|turn|25
|
|t:|1745529628
|move|p2a: Palafin|Wave Crash|p1a: Scizor
|-damage|p1a: Scizor|38\/100 brn
|-damage|p2a: Palafin|287\/351|[from] Recoil
|move|p1a: Scizor|Toxic|p2a: Palafin
|-status|p2a: Palafin|tox
|
|-damage|p2a: Palafin|266\/351 tox|[from] psn
|-damage|p1a: Scizor|31\/100 brn|[from] brn
|upkeep
|turn|26
|
|t:|1745529638
|switch|p2a: Lunatone|Lunatone|321\/321
|move|p1a: Scizor|Roost|p1a: Scizor
|-heal|p1a: Scizor|82\/100 brn
|-singleturn|p1a: Scizor|move: Roost
|
|-damage|p1a: Scizor|75\/100 brn|[from] brn
|upkeep
|turn|27
|
|t:|1745529645
|move|p2a: Lunatone|Power Gem|p1a: Scizor
|-damage|p1a: Scizor|40\/100 brn
|move|p1a: Scizor|Knock Off|p2a: Lunatone
|-supereffective|p2a: Lunatone
|-damage|p2a: Lunatone|161\/321
|-enditem|p2a: Lunatone|Focus Sash|[from] move: Knock Off|[of] p1a: Scizor
|
|-damage|p1a: Scizor|33\/100 brn|[from] brn
|upkeep
|turn|28
|
|t:|1745529654
|move|p2a: Lunatone|Power Gem|p1a: Scizor
|-damage|p1a: Scizor|0 fnt
|faint|p1a: Scizor
|
|upkeep
|
|t:|1745529656
|switch|p1a: Keldeo|Keldeo-Resolute|100\/100
|-damage|p1a: Keldeo|94\/100|[from] Stealth Rock
|turn|29
|
|t:|1745529671
|move|p1a: Keldeo|Surf|p2a: Lunatone
|-supereffective|p2a: Lunatone
|-damage|p2a: Lunatone|0 fnt
|faint|p2a: Lunatone
|
|-heal|p1a: Keldeo|100\/100|[from] item: Leftovers
|upkeep
|
|t:|1745529677
|switch|p2a: Palafin|Palafin-Hero, M|266\/351 tox
|turn|30
|
|t:|1745529684
|move|p1a: Keldeo|Substitute|p1a: Keldeo
|-start|p1a: Keldeo|Substitute
|-damage|p1a: Keldeo|76\/100
|move|p2a: Palafin|Drain Punch|p1a: Keldeo
|-end|p1a: Keldeo|Substitute
|-heal|p2a: Palafin|306\/351 tox|[from] drain|[of] p1a: Keldeo
|
|-heal|p1a: Keldeo|82\/100|[from] item: Leftovers
|-damage|p2a: Palafin|285\/351 tox|[from] psn
|upkeep
|turn|31
|
|t:|1745529696
|move|p1a: Keldeo|Substitute|p1a: Keldeo
|-start|p1a: Keldeo|Substitute
|-damage|p1a: Keldeo|57\/100
|move|p2a: Palafin|Drain Punch|p1a: Keldeo
|-end|p1a: Keldeo|Substitute
|-heal|p2a: Palafin|325\/351 tox|[from] drain|[of] p1a: Keldeo
|
|-heal|p1a: Keldeo|63\/100|[from] item: Leftovers
|-damage|p2a: Palafin|283\/351 tox|[from] psn
|upkeep
|turn|32
|
|t:|1745529713
|move|p1a: Keldeo|Secret Sword|p2a: Palafin
|-damage|p2a: Palafin|139\/351 tox
|move|p2a: Palafin|Drain Punch|p1a: Keldeo
|-damage|p1a: Keldeo|7\/100
|-heal|p2a: Palafin|230\/351 tox|[from] drain|[of] p1a: Keldeo
|
|-heal|p1a: Keldeo|14\/100|[from] item: Leftovers
|-damage|p2a: Palafin|167\/351 tox|[from] psn
|upkeep
|turn|33
|
|t:|1745529722
|move|p1a: Keldeo|Secret Sword|p2a: Palafin
|-damage|p2a: Palafin|11\/351 tox
|move|p2a: Palafin|Drain Punch|p1a: Keldeo
|-damage|p1a: Keldeo|0 fnt
|-heal|p2a: Palafin|32\/351 tox|[from] drain|[of] p1a: Keldeo
|faint|p1a: Keldeo
|
|-damage|p2a: Palafin|0 fnt|[from] psn
|faint|p2a: Palafin
|upkeep
|
|t:|1745529732
|switch|p1a: Kyurem|Kyurem|32\/100
|switch|p2a: Beedrill|Beedrill-Mega, F|271\/271
|-ability|p1a: Kyurem|Pressure
|turn|34
|
|t:|1745529741
|move|p2a: Beedrill|Poison Jab|p1a: Kyurem
|-damage|p1a: Kyurem|0 fnt
|faint|p1a: Kyurem
|
|win|superpanchi
|c|☆superpanchi|gg
|c|☆superpanchi|really close one
|c|☆superpanchi|but fun
|c|☆Pivot BVB|I didnt play really well but you can defo lose this
|c|☆superpanchi|oh 100%
|c|☆superpanchi|all my mocks i either won 1-0 or lost 0-1
|c|☆superpanchi|definitely not my best teambuilding ever but i really wanted to use my new toys hehe</script>
