<!DOCTYPE html>
<meta charset="utf-8" />
<!-- version 1 -->
<title>[Gen 9] NatDex Draft replay: hax requires skill vs. 0TacoBoi0</title>
<style>
html,body {font-family:Verdana, sans-serif;font-size:10pt;margin:0;padding:0;}body{padding:12px 0;} .battle-log {font-family:Verdana, sans-serif;font-size:10pt;} .battle-log-inline {border:1px solid #AAAAAA;background:#EEF2F5;color:black;max-width:640px;margin:0 auto 80px;padding-bottom:5px;} .battle-log .inner {padding:4px 8px 0px 8px;} .battle-log .inner-preempt {padding:0 8px 4px 8px;} .battle-log .inner-after {margin-top:0.5em;} .battle-log h2 {margin:0.5em -8px;padding:4px 8px;border:1px solid #AAAAAA;background:#E0E7EA;border-left:0;border-right:0;font-family:Verdana, sans-serif;font-size:13pt;} .battle-log .chat {vertical-align:middle;padding:3px 0 3px 0;font-size:8pt;} .battle-log .chat strong {color:#40576A;} .battle-log .chat em {padding:1px 4px 1px 3px;color:#000000;font-style:normal;} .chat.mine {background:rgba(0,0,0,0.05);margin-left:-8px;margin-right:-8px;padding-left:8px;padding-right:8px;} .spoiler {color:#BBBBBB;background:#BBBBBB;padding:0px 3px;} .spoiler:hover, .spoiler:active, .spoiler-shown {color:#000000;background:#E2E2E2;padding:0px 3px;} .spoiler a {color:#BBBBBB;} .spoiler:hover a, .spoiler:active a, .spoiler-shown a {color:#2288CC;} .chat code, .chat .spoiler:hover code, .chat .spoiler:active code, .chat .spoiler-shown code {border:1px solid #C0C0C0;background:#EEEEEE;color:black;padding:0 2px;} .chat .spoiler code {border:1px solid #CCCCCC;background:#CCCCCC;color:#CCCCCC;} .battle-log .rated {padding:3px 4px;} .battle-log .rated strong {color:white;background:#89A;padding:1px 4px;border-radius:4px;} .spacer {margin-top:0.5em;} .message-announce {background:#6688AA;color:white;padding:1px 4px 2px;} .message-announce a, .broadcast-green a, .broadcast-blue a, .broadcast-red a {color:#DDEEFF;} .broadcast-green {background-color:#559955;color:white;padding:2px 4px;} .broadcast-blue {background-color:#6688AA;color:white;padding:2px 4px;} .infobox {border:1px solid #6688AA;padding:2px 4px;} .infobox-limited {max-height:200px;overflow:auto;overflow-x:hidden;} .broadcast-red {background-color:#AA5544;color:white;padding:2px 4px;} .message-learn-canlearn {font-weight:bold;color:#228822;text-decoration:underline;} .message-learn-cannotlearn {font-weight:bold;color:#CC2222;text-decoration:underline;} .message-effect-weak {font-weight:bold;color:#CC2222;} .message-effect-resist {font-weight:bold;color:#6688AA;} .message-effect-immune {font-weight:bold;color:#666666;} .message-learn-list {margin-top:0;margin-bottom:0;} .message-throttle-notice, .message-error {color:#992222;} .message-overflow, .chat small.message-overflow {font-size:0pt;} .message-overflow::before {font-size:9pt;content:'...';} .subtle {color:#3A4A66;}
</style>
<div class="wrapper replay-wrapper" style="max-width:1180px;margin:0 auto">
<input type="hidden" name="replayid" value="gen9natdexdraft-2365692736" />
<div class="battle"></div><div class="battle-log"></div><div class="replay-controls"></div><div class="replay-controls-2"></div>
<h1 style="font-weight:normal;text-align:center"><strong>[Gen 9] NatDex Draft</strong><br /><a href="http://pokemonshowdown.com/users/haxrequiresskill" class="subtle" target="_blank">hax requires skill</a> vs. <a href="http://pokemonshowdown.com/users/0tacoboi0" class="subtle" target="_blank">0TacoBoi0</a></h1>
<script type="text/plain" class="battle-log-data">
|j|☆hax requires skill
|j|☆0TacoBoi0
|t:|1747446686
|gametype|singles
|player|p1|hax requires skill|102|
|player|p2|0TacoBoi0|hiker-gen4|
|teamsize|p1|6
|teamsize|p2|6
|gen|9
|tier|[Gen 9] NatDex Draft
|rule|Sleep Clause Mod: Limit one foe put to sleep
|rule|OHKO Clause: OHKO moves are banned
|rule|Evasion Clause: Evasion abilities, items, and moves are banned
|rule|Evasion Abilities Clause: Evasion abilities are banned
|rule|Evasion Items Clause: Evasion items are banned
|rule|Evasion Moves Clause: Evasion moves are banned
|rule|Endless Battle Clause: Forcing endless battles is banned
|rule|HP Percentage Mod: HP is shown in percentages
|clearpoke
|poke|p1|Urshifu-*, F|
|poke|p1|Tornadus-Therian, M|
|poke|p1|Rotom-Wash|
|poke|p1|Latios, M|
|poke|p1|Shaymin|
|poke|p1|Iron Treads|
|poke|p2|Claydol|
|poke|p2|Pelipper, M|
|poke|p2|Floatzel, F|
|poke|p2|Tapu Lele|
|poke|p2|Kartana|
|poke|p2|Thundurus-Therian, M|
|teampreview
|c|☆hax requires skill|hf
|c|☆0TacoBoi0|got link
|c|☆0TacoBoi0|hf
|
|t:|1747446726
|start
|switch|p1a: Urshifu|Urshifu, F|100\/100
|switch|p2a: Scuttle|Pelipper, M|100\/100
|-weather|RainDance|[from] ability: Drizzle|[of] p2a: Scuttle
|turn|1
|
|t:|1747446738
|move|p1a: Urshifu|U-turn|p2a: Scuttle
|-resisted|p2a: Scuttle
|-damage|p2a: Scuttle|92\/100
|
|t:|1747446739
|switch|p1a: Rotom|Rotom-Wash|100\/100|[from] U-turn
|move|p2a: Scuttle|Hurricane|p1a: Rotom
|-resisted|p1a: Rotom
|-damage|p1a: Rotom|85\/100
|-start|p1a: Rotom|confusion
|
|-weather|RainDance|[upkeep]
|-heal|p1a: Rotom|92\/100|[from] item: Leftovers
|upkeep
|turn|2
|
|t:|1747446770
|switch|p2a: Matryoshka|Claydol|100\/100
|-activate|p1a: Rotom|confusion
|move|p1a: Rotom|Substitute|p1a: Rotom
|-start|p1a: Rotom|Substitute
|-damage|p1a: Rotom|67\/100
|
|-weather|RainDance|[upkeep]
|-heal|p1a: Rotom|73\/100|[from] item: Leftovers
|upkeep
|turn|3
|c|☆hax requires skill|in
|
|t:|1747446779
|-terastallize|p2a: Matryoshka|Grass
|-activate|p1a: Rotom|confusion
|move|p1a: Rotom|Hydro Pump|p2a: Matryoshka
|-resisted|p2a: Matryoshka
|-damage|p2a: Matryoshka|80\/100
|move|p2a: Matryoshka|Rapid Spin|p1a: Rotom
|-activate|p1a: Rotom|move: Substitute|[damage]
|-boost|p2a: Matryoshka|spe|1
|
|-weather|RainDance|[upkeep]
|-heal|p2a: Matryoshka|86\/100|[from] item: Leftovers
|-heal|p1a: Rotom|79\/100|[from] item: Leftovers
|upkeep
|turn|4
|
|t:|1747446785
|move|p2a: Matryoshka|Rapid Spin|p1a: Rotom
|-activate|p1a: Rotom|move: Substitute|[damage]
|-boost|p2a: Matryoshka|spe|1
|-end|p1a: Rotom|confusion
|move|p1a: Rotom|Thunder Wave|p2a: Matryoshka
|-status|p2a: Matryoshka|par
|
|-weather|RainDance|[upkeep]
|-heal|p1a: Rotom|85\/100|[from] item: Leftovers
|-heal|p2a: Matryoshka|92\/100 par|[from] item: Leftovers
|upkeep
|turn|5
|
|t:|1747446791
|move|p1a: Rotom|Volt Switch|p2a: Matryoshka
|-resisted|p2a: Matryoshka
|-damage|p2a: Matryoshka|84\/100 par
|
|t:|1747446799
|switch|p1a: Tornadus|Tornadus-Therian, M|100\/100|[from] Volt Switch
|cant|p2a: Matryoshka|par
|
|-weather|RainDance|[upkeep]
|-heal|p2a: Matryoshka|90\/100 par|[from] item: Leftovers
|upkeep
|turn|6
|
|t:|1747446828
|switch|p2a: Rolling|Thundurus-Therian, M|100\/100
|move|p1a: Tornadus|Hurricane|p2a: Rolling
|-resisted|p2a: Rolling
|-damage|p2a: Rolling|46\/100
|
|-weather|RainDance|[upkeep]
|upkeep
|turn|7
|
|t:|1747446849
|switch|p1a: Rotom|Rotom-Wash|85\/100
|move|p2a: Rolling|Weather Ball|p1a: Rotom
|-resisted|p1a: Rotom
|-damage|p1a: Rotom|63\/100
|
|-weather|RainDance|[upkeep]
|-heal|p1a: Rotom|69\/100|[from] item: Leftovers
|upkeep
|turn|8
|
|t:|1747446956
|move|p2a: Rolling|Thunder|p1a: Rotom
|-crit|p1a: Rotom
|-damage|p1a: Rotom|1\/100
|move|p1a: Rotom|Hydro Pump|p2a: Rolling
|-damage|p2a: Rolling|0 fnt
|faint|p2a: Rolling
|
|-weather|none
|-heal|p1a: Rotom|7\/100|[from] item: Leftovers
|upkeep
|
|t:|1747447018
|switch|p2a: Steel Yourself|Kartana, shiny|100\/100
|turn|9
|
|t:|1747447028
|switch|p1a: Shaymin|Shaymin|100\/100
|move|p2a: Steel Yourself|Knock Off|p1a: Shaymin
|-damage|p1a: Shaymin|73\/100
|-enditem|p1a: Shaymin|Leftovers|[from] move: Knock Off|[of] p2a: Steel Yourself
|
|upkeep
|turn|10
|
|t:|1747447075
|switch|p2a: Matryoshka|Claydol, tera:Grass|90\/100 par
|move|p1a: Shaymin|Giga Drain|p2a: Matryoshka
|-resisted|p2a: Matryoshka
|-damage|p2a: Matryoshka|82\/100 par
|-heal|p1a: Shaymin|76\/100|[from] drain|[of] p2a: Matryoshka
|
|-heal|p2a: Matryoshka|88\/100 par|[from] item: Leftovers
|upkeep
|turn|11
|
|t:|1747447083
|switch|p1a: Iron Treads|Iron Treads|100\/100
|cant|p2a: Matryoshka|par
|
|-heal|p2a: Matryoshka|94\/100 par|[from] item: Leftovers
|upkeep
|turn|12
|c|☆0TacoBoi0|heartbreaker
|
|t:|1747447091
|move|p1a: Iron Treads|Volt Switch|p2a: Matryoshka
|-resisted|p2a: Matryoshka
|-damage|p2a: Matryoshka|91\/100 par
|
|t:|1747447097
|-end|p1a: Iron Treads|Quark Drive|[silent]
|switch|p1a: Rotom|Rotom-Wash|7\/100|[from] Volt Switch
|move|p2a: Matryoshka|Stealth Rock|p1a: Rotom
|-sidestart|p1: hax requires skill|move: Stealth Rock
|
|-heal|p1a: Rotom|13\/100|[from] item: Leftovers
|-heal|p2a: Matryoshka|97\/100 par|[from] item: Leftovers
|upkeep
|turn|13
|
|t:|1747447107
|move|p1a: Rotom|Volt Switch|p2a: Matryoshka
|-resisted|p2a: Matryoshka
|-damage|p2a: Matryoshka|88\/100 par
|
|t:|1747447109
|switch|p1a: Iron Treads|Iron Treads|100\/100|[from] Volt Switch
|-damage|p1a: Iron Treads|97\/100|[from] Stealth Rock
|move|p2a: Matryoshka|Teleport|p2a: Matryoshka
|
|t:|1747447139
|switch|p2a: Buck|Floatzel, F|100\/100|[from] Teleport
|
|upkeep
|turn|14
|
|t:|1747447159
|-end|p1a: Iron Treads|Quark Drive|[silent]
|switch|p1a: Rotom|Rotom-Wash|13\/100
|-damage|p1a: Rotom|1\/100|[from] Stealth Rock
|move|p2a: Buck|Wave Crash|p1a: Rotom
|-resisted|p1a: Rotom
|-damage|p1a: Rotom|0 fnt
|faint|p1a: Rotom
|-damage|p2a: Buck|99\/100|[from] Recoil
|
|upkeep
|
|t:|1747447167
|switch|p1a: Tornadus|Tornadus-Therian, M|100\/100
|-damage|p1a: Tornadus|76\/100|[from] Stealth Rock
|turn|15
|
|t:|1747447177
|move|p1a: Tornadus|Hurricane|p2a: Buck
|-damage|p2a: Buck|0 fnt
|faint|p2a: Buck
|
|upkeep
|
|t:|1747447219
|switch|p2a: (Clever Nickname)|Tapu Lele, shiny|100\/100
|-fieldstart|move: Psychic Terrain|[from] ability: Psychic Surge|[of] p2a: (Clever Nickname)
|turn|16
|
|t:|1747447229
|switch|p1a: Iron Treads|Iron Treads|97\/100
|-damage|p1a: Iron Treads|94\/100|[from] Stealth Rock
|move|p2a: (Clever Nickname)|Psychic|p1a: Iron Treads
|-resisted|p1a: Iron Treads
|-damage|p1a: Iron Treads|53\/100
|-unboost|p1a: Iron Treads|spd|1
|
|upkeep
|turn|17
|
|t:|1747447251
|switch|p2a: Steel Yourself|Kartana, shiny|100\/100
|move|p1a: Iron Treads|Rapid Spin|p2a: Steel Yourself
|-resisted|p2a: Steel Yourself
|-damage|p2a: Steel Yourself|92\/100
|-boost|p1a: Iron Treads|spe|1
|-sideend|p1: hax requires skill|Stealth Rock|[from] move: Rapid Spin|[of] p1a: Iron Treads
|
|upkeep
|turn|18
|
|t:|1747447264
|move|p1a: Iron Treads|Volt Switch|p2a: Steel Yourself
|-resisted|p2a: Steel Yourself
|-damage|p2a: Steel Yourself|80\/100
|
|t:|1747447293
|-end|p1a: Iron Treads|Quark Drive|[silent]
|switch|p1a: Urshifu|Urshifu, F|100\/100|[from] Volt Switch
|move|p2a: Steel Yourself|Knock Off|p1a: Urshifu
|-resisted|p1a: Urshifu
|-damage|p1a: Urshifu|91\/100
|-enditem|p1a: Urshifu|Choice Scarf|[from] move: Knock Off|[of] p2a: Steel Yourself
|
|upkeep
|turn|19
|
|t:|1747447318
|switch|p2a: Matryoshka|Claydol, tera:Grass|88\/100 par
|move|p1a: Urshifu|Wicked Blow|p2a: Matryoshka
|-crit|p2a: Matryoshka
|-damage|p2a: Matryoshka|30\/100 par
|
|-heal|p2a: Matryoshka|36\/100 par|[from] item: Leftovers
|upkeep
|turn|20
|
|t:|1747447320
|move|p1a: Urshifu|Wicked Blow|p2a: Matryoshka
|-crit|p2a: Matryoshka
|-damage|p2a: Matryoshka|0 fnt
|faint|p2a: Matryoshka
|
|-fieldend|move: Psychic Terrain
|upkeep
|c|☆0TacoBoi0|lucky crits smh
|c|☆hax requires skill|fr
|
|t:|1747447334
|switch|p2a: Scuttle|Pelipper, M|92\/100
|-weather|RainDance|[from] ability: Drizzle|[of] p2a: Scuttle
|turn|21
|
|t:|1747447371
|switch|p1a: Iron Treads|Iron Treads|53\/100
|move|p2a: Scuttle|Hurricane|p1a: Iron Treads
|-resisted|p1a: Iron Treads
|-damage|p1a: Iron Treads|25\/100
|
|-weather|RainDance|[upkeep]
|upkeep
|turn|22
|
|t:|1747447384
|switch|p2a: (Clever Nickname)|Tapu Lele, shiny|100\/100
|-fieldstart|move: Psychic Terrain|[from] ability: Psychic Surge|[of] p2a: (Clever Nickname)
|move|p1a: Iron Treads|Volt Switch|p2a: (Clever Nickname)
|-damage|p2a: (Clever Nickname)|89\/100
|
|t:|1747447390
|-end|p1a: Iron Treads|Quark Drive|[silent]
|switch|p1a: Tornadus|Tornadus-Therian, M|100\/100|[from] Volt Switch
|
|-weather|RainDance|[upkeep]
|-heal|p2a: (Clever Nickname)|96\/100|[from] item: Leftovers
|upkeep
|turn|23
|
|t:|1747447405
|move|p1a: Tornadus|Hurricane|p2a: (Clever Nickname)
|-damage|p2a: (Clever Nickname)|15\/100
|-start|p2a: (Clever Nickname)|confusion
|-activate|p2a: (Clever Nickname)|confusion
|-damage|p2a: (Clever Nickname)|5\/100|[from] confusion
|
|-weather|RainDance|[upkeep]
|-heal|p2a: (Clever Nickname)|11\/100|[from] item: Leftovers
|upkeep
|turn|24
|c|☆0TacoBoi0|man
|c|☆hax requires skill|im the goat
|
|t:|1747447423
|move|p1a: Tornadus|Hurricane|p2a: (Clever Nickname)
|-damage|p2a: (Clever Nickname)|0 fnt
|faint|p2a: (Clever Nickname)
|
|-weather|RainDance|[upkeep]
|upkeep
|
|t:|1747447425
|switch|p2a: Scuttle|Pelipper, M|92\/100
|turn|25
|c|☆0TacoBoi0|gg
|c|☆hax requires skill|pokemon is such a skill based game (i hate this game)
|
|t:|1747447438
|move|p1a: Tornadus|Hurricane|p2a: Scuttle
|-crit|p2a: Scuttle
|-damage|p2a: Scuttle|0 fnt
|faint|p2a: Scuttle
|
|-weather|RainDance|[upkeep]
|upkeep
|
|t:|1747447442
|switch|p2a: Steel Yourself|Kartana, shiny|80\/100
|turn|26
|c|☆hax requires skill|wtf
|c|☆0TacoBoi0|not necessary man cmon msh
|c|☆0TacoBoi0|smh
|c|☆hax requires skill|this is me i should not be having good luck
|
|t:|1747447455
|move|p1a: Tornadus|Hurricane|p2a: Steel Yourself
|-damage|p2a: Steel Yourself|0 fnt
|faint|p2a: Steel Yourself
|
|win|hax requires skill
|c|☆hax requires skill|gg sorry for hax
|c|☆0TacoBoi0|well that requires skill
|c|☆0TacoBoi0|gg

</script>
</div>
<div class="battle-log battle-log-inline"><div class="inner"><div class="battle-options"></div><div class="inner message-log"><div class="chat"><small>☆hax requires skill and ☆0TacoBoi0 joined</small></div><div class=""><small>Format:</small> <br><strong>[Gen 9] NatDex Draft</strong></div><div class=""><small><em>Sleep Clause Mod:</em> Limit one foe put to sleep</small></div><div class=""><small><em>OHKO Clause:</em> OHKO moves are banned</small></div><div class=""><small><em>Evasion Clause:</em> Evasion abilities, items, and moves are banned</small></div><div class=""><small><em>Evasion Abilities Clause:</em> Evasion abilities are banned</small></div><div class=""><small><em>Evasion Items Clause:</em> Evasion items are banned</small></div><div class=""><small><em>Evasion Moves Clause:</em> Evasion moves are banned</small></div><div class=""><small><em>Endless Battle Clause:</em> Forcing endless battles is banned</small></div><div class=""><small><em>HP Percentage Mod:</em> HP is shown in percentages</small></div><div class="chat battle-history"><strong>hax requires skill's team:</strong> <em style="color:#445566;display:block;">Urshifu-* / Tornadus-Therian / Rotom-Wash / Latios / Shaymin / Iron Treads</em></div><div class="chat battle-history"><strong>0TacoBoi0's team:</strong> <em style="color:#445566;display:block;">Claydol / Pelipper / Floatzel / Tapu Lele / Kartana / Thundurus-Therian</em></div><div class="chat chatmessage-haxrequiresskill"><strong style="color:#8d661d"><small class="groupsymbol">☆</small><span class="username">hax requires skill</span>:</strong> <em>hf</em></div><div class="chat chatmessage-0tacoboi0"><strong style="color:#5166d2"><small class="groupsymbol">☆</small><span class="username">0TacoBoi0</span>:</strong> <em>got link</em></div><div class="chat chatmessage-0tacoboi0"><strong style="color:#5166d2"><small class="groupsymbol">☆</small><span class="username">0TacoBoi0</span>:</strong> <em>hf</em></div><div class="spacer battle-history"><br></div><div class="battle-history">Battle started between hax requires skill and 0TacoBoi0!<br></div><div class="spacer battle-history"><br></div><div class="battle-history">Go! <strong>Urshifu</strong>!<br></div><div class="spacer battle-history"><br></div><div class="battle-history">0TacoBoi0 sent out Scuttle (<strong>Pelipper</strong>)!<br></div><div class="battle-history">[The opposing Scuttle's Drizzle]<br><small>It started to rain!</small><br></div><div class="spacer battle-history"><br></div><h2 class="battle-history">Turn 1</h2><div class="spacer battle-history"><br></div><div class="battle-history">Urshifu used <strong>U-turn</strong>!<br></div><div class="battle-history"><small>It's not very effective...</small><br></div><div class="battle-history"><small>(The opposing Scuttle lost 8% of its health!)</small><br></div><div class="spacer battle-history"><br></div><div class="battle-history">Urshifu went back to hax requires skill!<br></div><div class="battle-history">Go! Rotom (<strong>Rotom-Wash</strong>)!<br></div><div class="spacer battle-history"><br></div><div class="battle-history">The opposing Scuttle used <strong>Hurricane</strong>!<br></div><div class="battle-history"><small>It's not very effective...</small><br></div><div class="battle-history"><small>(Rotom lost 15% of its health!)</small><br></div><div class="battle-history"><small>Rotom became confused!</small><br></div><div class="spacer battle-history"><br></div><div class="battle-history"><small>(Rain continues to fall.)</small><br></div><div class="battle-history"><small>Rotom restored a little HP using its Leftovers!</small><br></div><div class="spacer battle-history"><br></div><h2 class="battle-history">Turn 2</h2><div class="spacer battle-history"><br></div><div class="battle-history">0TacoBoi0 withdrew Scuttle!<br></div><div class="battle-history">0TacoBoi0 sent out Matryoshka (<strong>Claydol</strong>)!<br></div><div class="spacer battle-history"><br></div><div class="battle-history"><small>Rotom is confused!</small><br></div><div class="battle-history">Rotom used <strong>Substitute</strong>!<br></div><div class="battle-history"><small>Rotom put in a substitute!</small><br></div><div class="battle-history"><small>(Rotom lost 25% of its health!)</small><br></div><div class="spacer battle-history"><br></div><div class="battle-history"><small>(Rain continues to fall.)</small><br></div><div class="battle-history"><small>Rotom restored a little HP using its Leftovers!</small><br></div><div class="spacer battle-history"><br></div><h2 class="battle-history">Turn 3</h2><div class="chat chatmessage-haxrequiresskill"><strong style="color:#8d661d"><small class="groupsymbol">☆</small><span class="username">hax requires skill</span>:</strong> <em>in</em></div><div class="spacer battle-history"><br></div><div class="battle-history"><small>The opposing Matryoshka has Terastallized into the Grass-type!</small><br></div><div class="spacer battle-history"><br></div><div class="battle-history"><small>Rotom is confused!</small><br></div><div class="battle-history">Rotom used <strong>Hydro Pump</strong>!<br></div><div class="battle-history"><small>It's not very effective...</small><br></div><div class="battle-history"><small>(The opposing Matryoshka lost 20% of its health!)</small><br></div><div class="spacer battle-history"><br></div><div class="battle-history">The opposing Matryoshka used <strong>Rapid Spin</strong>!<br></div><div class="battle-history"><small>The substitute took damage for Rotom!</small><br></div><div class="battle-history"><small>The opposing Matryoshka's Speed rose!</small><br></div><div class="spacer battle-history"><br></div><div class="battle-history"><small>(Rain continues to fall.)</small><br></div><div class="battle-history"><small>The opposing Matryoshka restored a little HP using its Leftovers!</small><br></div><div class="battle-history"><small>Rotom restored a little HP using its Leftovers!</small><br></div><div class="spacer battle-history"><br></div><h2 class="battle-history">Turn 4</h2><div class="spacer battle-history"><br></div><div class="battle-history">The opposing Matryoshka used <strong>Rapid Spin</strong>!<br></div><div class="battle-history"><small>The substitute took damage for Rotom!</small><br></div><div class="battle-history"><small>The opposing Matryoshka's Speed rose!</small><br></div><div class="battle-history"><small>Rotom snapped out of its confusion!</small><br></div><div class="spacer battle-history"><br></div><div class="battle-history">Rotom used <strong>Thunder Wave</strong>!<br></div><div class="battle-history"><small>The opposing Matryoshka is paralyzed! It may be unable to move!</small><br></div><div class="spacer battle-history"><br></div><div class="battle-history"><small>(Rain continues to fall.)</small><br></div><div class="battle-history"><small>Rotom restored a little HP using its Leftovers!</small><br></div><div class="battle-history"><small>The opposing Matryoshka restored a little HP using its Leftovers!</small><br></div><div class="spacer battle-history"><br></div><h2 class="battle-history">Turn 5</h2><div class="spacer battle-history"><br></div><div class="battle-history">Rotom used <strong>Volt Switch</strong>!<br></div><div class="battle-history"><small>It's not very effective...</small><br></div><div class="battle-history"><small>(The opposing Matryoshka lost 8% of its health!)</small><br></div><div class="spacer battle-history"><br></div><div class="battle-history">Rotom went back to hax requires skill!<br></div><div class="battle-history">Go! Tornadus (<strong>Tornadus-Therian</strong>)!<br></div><div class="spacer battle-history"><br></div><div class="battle-history">The opposing Matryoshka is paralyzed! It can't move!<br></div><div class="spacer battle-history"><br></div><div class="battle-history"><small>(Rain continues to fall.)</small><br></div><div class="battle-history"><small>The opposing Matryoshka restored a little HP using its Leftovers!</small><br></div><div class="spacer battle-history"><br></div><h2 class="battle-history">Turn 6</h2><div class="spacer battle-history"><br></div><div class="battle-history">0TacoBoi0 withdrew Matryoshka!<br></div><div class="battle-history">0TacoBoi0 sent out Rolling (<strong>Thundurus-Therian</strong>)!<br></div><div class="spacer battle-history"><br></div><div class="battle-history">Tornadus used <strong>Hurricane</strong>!<br></div><div class="battle-history"><small>It's not very effective...</small><br></div><div class="battle-history"><small>(The opposing Rolling lost 54% of its health!)</small><br></div><div class="spacer battle-history"><br></div><div class="battle-history"><small>(Rain continues to fall.)</small><br></div><div class="spacer battle-history"><br></div><h2 class="battle-history">Turn 7</h2><div class="spacer battle-history"><br></div><div class="battle-history">Tornadus, come back!<br></div><div class="battle-history">Go! Rotom (<strong>Rotom-Wash</strong>)!<br></div><div class="spacer battle-history"><br></div><div class="battle-history">The opposing Rolling used <strong>Weather Ball</strong>!<br></div><div class="battle-history"><small>It's not very effective...</small><br></div><div class="battle-history"><small>(Rotom lost 22% of its health!)</small><br></div><div class="spacer battle-history"><br></div><div class="battle-history"><small>(Rain continues to fall.)</small><br></div><div class="battle-history"><small>Rotom restored a little HP using its Leftovers!</small><br></div><div class="spacer battle-history"><br></div><h2 class="battle-history">Turn 8</h2><div class="spacer battle-history"><br></div><div class="battle-history">The opposing Rolling used <strong>Thunder</strong>!<br></div><div class="battle-history"><small>A critical hit!</small><br></div><div class="battle-history"><small>(Rotom lost 68% of its health!)</small><br></div><div class="spacer battle-history"><br></div><div class="battle-history">Rotom used <strong>Hydro Pump</strong>!<br></div><div class="battle-history"><small>(The opposing Rolling lost 46% of its health!)</small><br></div><div class="spacer battle-history"><br></div><div class="battle-history">The opposing Rolling fainted!<br></div><div class="spacer battle-history"><br></div><div class="battle-history"><small>The rain stopped.</small><br></div><div class="battle-history"><small>Rotom restored a little HP using its Leftovers!</small><br></div><div class="spacer battle-history"><br></div><div class="battle-history">0TacoBoi0 sent out Steel Yourself (<strong>Kartana</strong>)!<br></div><div class="spacer battle-history"><br></div><h2 class="battle-history">Turn 9</h2><div class="spacer battle-history"><br></div><div class="battle-history">Rotom, come back!<br></div><div class="battle-history">Go! <strong>Shaymin</strong>!<br></div><div class="spacer battle-history"><br></div><div class="battle-history">The opposing Steel Yourself used <strong>Knock Off</strong>!<br></div><div class="battle-history"><small>(Shaymin lost 27% of its health!)</small><br></div><div class="battle-history"><small>The opposing Steel Yourself knocked off Shaymin's Leftovers!</small><br></div><div class="spacer battle-history"><br></div><h2 class="battle-history">Turn 10</h2><div class="spacer battle-history"><br></div><div class="battle-history">0TacoBoi0 withdrew Steel Yourself!<br></div><div class="battle-history">0TacoBoi0 sent out Matryoshka (<strong>Claydol</strong>)!<br></div><div class="spacer battle-history"><br></div><div class="battle-history">Shaymin used <strong>Giga Drain</strong>!<br></div><div class="battle-history"><small>It's not very effective...</small><br></div><div class="battle-history"><small>(The opposing Matryoshka lost 8% of its health!)</small><br></div><div class="battle-history"><small>The opposing Matryoshka had its energy drained!</small><br></div><div class="spacer battle-history"><br></div><div class="battle-history"><small>The opposing Matryoshka restored a little HP using its Leftovers!</small><br></div><div class="spacer battle-history"><br></div><h2 class="battle-history">Turn 11</h2><div class="spacer battle-history"><br></div><div class="battle-history">Shaymin, come back!<br></div><div class="battle-history">Go! <strong>Iron Treads</strong>!<br></div><div class="spacer battle-history"><br></div><div class="battle-history">The opposing Matryoshka is paralyzed! It can't move!<br></div><div class="spacer battle-history"><br></div><div class="battle-history"><small>The opposing Matryoshka restored a little HP using its Leftovers!</small><br></div><div class="spacer battle-history"><br></div><h2 class="battle-history">Turn 12</h2><div class="chat chatmessage-0tacoboi0"><strong style="color:#5166d2"><small class="groupsymbol">☆</small><span class="username">0TacoBoi0</span>:</strong> <em>heartbreaker</em></div><div class="spacer battle-history"><br></div><div class="battle-history">Iron Treads used <strong>Volt Switch</strong>!<br></div><div class="battle-history"><small>It's not very effective...</small><br></div><div class="battle-history"><small>(The opposing Matryoshka lost 3% of its health!)</small><br></div><div class="spacer battle-history"><br></div><div class="battle-history">Iron Treads went back to hax requires skill!<br></div><div class="battle-history">Go! Rotom (<strong>Rotom-Wash</strong>)!<br></div><div class="spacer battle-history"><br></div><div class="battle-history">The opposing Matryoshka used <strong>Stealth Rock</strong>!<br></div><div class="battle-history"><small>Pointed stones float in the air around your team!</small><br></div><div class="spacer battle-history"><br></div><div class="battle-history"><small>Rotom restored a little HP using its Leftovers!</small><br></div><div class="battle-history"><small>The opposing Matryoshka restored a little HP using its Leftovers!</small><br></div><div class="spacer battle-history"><br></div><h2 class="battle-history">Turn 13</h2><div class="spacer battle-history"><br></div><div class="battle-history">Rotom used <strong>Volt Switch</strong>!<br></div><div class="battle-history"><small>It's not very effective...</small><br></div><div class="battle-history"><small>(The opposing Matryoshka lost 9% of its health!)</small><br></div><div class="spacer battle-history"><br></div><div class="battle-history">Rotom went back to hax requires skill!<br></div><div class="battle-history">Go! <strong>Iron Treads</strong>!<br></div><div class="battle-history"><small>Pointed stones dug into Iron Treads!</small><br></div><div class="spacer battle-history"><br></div><div class="battle-history">The opposing Matryoshka used <strong>Teleport</strong>!<br></div><div class="spacer battle-history"><br></div><div class="battle-history">0TacoBoi0 sent out Buck (<strong>Floatzel</strong>)!<br></div><div class="spacer battle-history"><br></div><h2 class="battle-history">Turn 14</h2><div class="spacer battle-history"><br></div><div class="battle-history">Iron Treads, come back!<br></div><div class="battle-history">Go! Rotom (<strong>Rotom-Wash</strong>)!<br></div><div class="battle-history"><small>Pointed stones dug into Rotom!</small><br></div><div class="spacer battle-history"><br></div><div class="battle-history">The opposing Buck used <strong>Wave Crash</strong>!<br></div><div class="battle-history"><small>It's not very effective...</small><br></div><div class="battle-history"><small>(Rotom lost 1% of its health!)</small><br></div><div class="spacer battle-history"><br></div><div class="battle-history">Rotom fainted!<br></div><div class="battle-history"><small>The opposing Buck was damaged by the recoil!</small><br></div><div class="spacer battle-history"><br></div><div class="battle-history">Go! Tornadus (<strong>Tornadus-Therian</strong>)!<br></div><div class="battle-history"><small>Pointed stones dug into Tornadus!</small><br></div><div class="spacer battle-history"><br></div><h2 class="battle-history">Turn 15</h2><div class="spacer battle-history"><br></div><div class="battle-history">Tornadus used <strong>Hurricane</strong>!<br></div><div class="battle-history"><small>(The opposing Buck lost 99% of its health!)</small><br></div><div class="spacer battle-history"><br></div><div class="battle-history">The opposing Buck fainted!<br></div><div class="spacer battle-history"><br></div><div class="battle-history">0TacoBoi0 sent out (Clever Nickname) (<strong>Tapu Lele</strong>)!<br></div><div class="battle-history">[The opposing (Clever Nickname)'s Psychic Surge]<br><small>The battlefield got weird!</small><br></div><div class="spacer battle-history"><br></div><h2 class="battle-history">Turn 16</h2><div class="spacer battle-history"><br></div><div class="battle-history">Tornadus, come back!<br></div><div class="battle-history">Go! <strong>Iron Treads</strong>!<br></div><div class="battle-history"><small>Pointed stones dug into Iron Treads!</small><br></div><div class="spacer battle-history"><br></div><div class="battle-history">The opposing (Clever Nickname) used <strong>Psychic</strong>!<br></div><div class="battle-history"><small>It's not very effective...</small><br></div><div class="battle-history"><small>(Iron Treads lost 41% of its health!)</small><br></div><div class="battle-history"><small>Iron Treads's Sp. Def fell!</small><br></div><div class="spacer battle-history"><br></div><h2 class="battle-history">Turn 17</h2><div class="spacer battle-history"><br></div><div class="battle-history">0TacoBoi0 withdrew (Clever Nickname)!<br></div><div class="battle-history">0TacoBoi0 sent out Steel Yourself (<strong>Kartana</strong>)!<br></div><div class="spacer battle-history"><br></div><div class="battle-history">Iron Treads used <strong>Rapid Spin</strong>!<br></div><div class="battle-history"><small>It's not very effective...</small><br></div><div class="battle-history"><small>(The opposing Steel Yourself lost 8% of its health!)</small><br></div><div class="battle-history"><small>Iron Treads's Speed rose!</small><br></div><div class="battle-history"><small>The pointed stones disappeared from around your team!</small><br></div><div class="spacer battle-history"><br></div><h2 class="battle-history">Turn 18</h2><div class="spacer battle-history"><br></div><div class="battle-history">Iron Treads used <strong>Volt Switch</strong>!<br></div><div class="battle-history"><small>It's not very effective...</small><br></div><div class="battle-history"><small>(The opposing Steel Yourself lost 12% of its health!)</small><br></div><div class="spacer battle-history"><br></div><div class="battle-history">Iron Treads went back to hax requires skill!<br></div><div class="battle-history">Go! <strong>Urshifu</strong>!<br></div><div class="spacer battle-history"><br></div><div class="battle-history">The opposing Steel Yourself used <strong>Knock Off</strong>!<br></div><div class="battle-history"><small>It's not very effective...</small><br></div><div class="battle-history"><small>(Urshifu lost 9% of its health!)</small><br></div><div class="battle-history"><small>The opposing Steel Yourself knocked off Urshifu's Choice Scarf!</small><br></div><div class="spacer battle-history"><br></div><h2 class="battle-history">Turn 19</h2><div class="spacer battle-history"><br></div><div class="battle-history">0TacoBoi0 withdrew Steel Yourself!<br></div><div class="battle-history">0TacoBoi0 sent out Matryoshka (<strong>Claydol</strong>)!<br></div><div class="spacer battle-history"><br></div><div class="battle-history">Urshifu used <strong>Wicked Blow</strong>!<br></div><div class="battle-history"><small>A critical hit!</small><br></div><div class="battle-history"><small>(The opposing Matryoshka lost 58% of its health!)</small><br></div><div class="spacer battle-history"><br></div><div class="battle-history"><small>The opposing Matryoshka restored a little HP using its Leftovers!</small><br></div><div class="spacer battle-history"><br></div><h2 class="battle-history">Turn 20</h2><div class="spacer battle-history"><br></div><div class="battle-history">Urshifu used <strong>Wicked Blow</strong>!<br></div><div class="battle-history"><small>A critical hit!</small><br></div><div class="battle-history"><small>(The opposing Matryoshka lost 36% of its health!)</small><br></div><div class="spacer battle-history"><br></div><div class="battle-history">The opposing Matryoshka fainted!<br></div><div class="spacer battle-history"><br></div><div class="battle-history"><small>The weirdness disappeared from the battlefield!</small><br></div><div class="chat chatmessage-0tacoboi0"><strong style="color:#5166d2"><small class="groupsymbol">☆</small><span class="username">0TacoBoi0</span>:</strong> <em>lucky crits smh</em></div><div class="chat chatmessage-haxrequiresskill"><strong style="color:#8d661d"><small class="groupsymbol">☆</small><span class="username">hax requires skill</span>:</strong> <em>fr</em></div><div class="spacer battle-history"><br></div><div class="battle-history">0TacoBoi0 sent out Scuttle (<strong>Pelipper</strong>)!<br></div><div class="battle-history">[The opposing Scuttle's Drizzle]<br><small>It started to rain!</small><br></div><div class="spacer battle-history"><br></div><h2 class="battle-history">Turn 21</h2><div class="spacer battle-history"><br></div><div class="battle-history">Urshifu, come back!<br></div><div class="battle-history">Go! <strong>Iron Treads</strong>!<br></div><div class="spacer battle-history"><br></div><div class="battle-history">The opposing Scuttle used <strong>Hurricane</strong>!<br></div><div class="battle-history"><small>It's not very effective...</small><br></div><div class="battle-history"><small>(Iron Treads lost 28% of its health!)</small><br></div><div class="spacer battle-history"><br></div><div class="battle-history"><small>(Rain continues to fall.)</small><br></div><div class="spacer battle-history"><br></div><h2 class="battle-history">Turn 22</h2><div class="spacer battle-history"><br></div><div class="battle-history">0TacoBoi0 withdrew Scuttle!<br></div><div class="battle-history">0TacoBoi0 sent out (Clever Nickname) (<strong>Tapu Lele</strong>)!<br></div><div class="battle-history">[The opposing (Clever Nickname)'s Psychic Surge]<br><small>The battlefield got weird!</small><br></div><div class="spacer battle-history"><br></div><div class="battle-history">Iron Treads used <strong>Volt Switch</strong>!<br></div><div class="battle-history"><small>(The opposing (Clever Nickname) lost 11% of its health!)</small><br></div><div class="spacer battle-history"><br></div><div class="battle-history">Iron Treads went back to hax requires skill!<br></div><div class="battle-history">Go! Tornadus (<strong>Tornadus-Therian</strong>)!<br></div><div class="spacer battle-history"><br></div><div class="battle-history"><small>(Rain continues to fall.)</small><br></div><div class="battle-history"><small>The opposing (Clever Nickname) restored a little HP using its Leftovers!</small><br></div><div class="spacer battle-history"><br></div><h2 class="battle-history">Turn 23</h2><div class="spacer battle-history"><br></div><div class="battle-history">Tornadus used <strong>Hurricane</strong>!<br></div><div class="battle-history"><small>(The opposing (Clever Nickname) lost 81% of its health!)</small><br></div><div class="battle-history"><small>The opposing (Clever Nickname) became confused!</small><br></div><div class="spacer battle-history"><br></div><div class="battle-history"><small>The opposing (Clever Nickname) is confused!</small><br></div><div class="battle-history">It hurt itself in its confusion!<br></div><div class="spacer battle-history"><br></div><div class="battle-history"><small>(Rain continues to fall.)</small><br></div><div class="battle-history"><small>The opposing (Clever Nickname) restored a little HP using its Leftovers!</small><br></div><div class="spacer battle-history"><br></div><h2 class="battle-history">Turn 24</h2><div class="chat chatmessage-0tacoboi0"><strong style="color:#5166d2"><small class="groupsymbol">☆</small><span class="username">0TacoBoi0</span>:</strong> <em>man</em></div><div class="chat chatmessage-haxrequiresskill"><strong style="color:#8d661d"><small class="groupsymbol">☆</small><span class="username">hax requires skill</span>:</strong> <em>im the goat</em></div><div class="spacer battle-history"><br></div><div class="battle-history">Tornadus used <strong>Hurricane</strong>!<br></div><div class="battle-history"><small>(The opposing (Clever Nickname) lost 11% of its health!)</small><br></div><div class="spacer battle-history"><br></div><div class="battle-history">The opposing (Clever Nickname) fainted!<br></div><div class="spacer battle-history"><br></div><div class="battle-history"><small>(Rain continues to fall.)</small><br></div><div class="spacer battle-history"><br></div><div class="battle-history">0TacoBoi0 sent out Scuttle (<strong>Pelipper</strong>)!<br></div><div class="spacer battle-history"><br></div><h2 class="battle-history">Turn 25</h2><div class="chat chatmessage-0tacoboi0"><strong style="color:#5166d2"><small class="groupsymbol">☆</small><span class="username">0TacoBoi0</span>:</strong> <em>gg</em></div><div class="chat chatmessage-haxrequiresskill"><strong style="color:#8d661d"><small class="groupsymbol">☆</small><span class="username">hax requires skill</span>:</strong> <em>pokemon is such a skill based game (i hate this game)</em></div><div class="spacer battle-history"><br></div><div class="battle-history">Tornadus used <strong>Hurricane</strong>!<br></div><div class="battle-history"><small>A critical hit!</small><br></div><div class="battle-history"><small>(The opposing Scuttle lost 92% of its health!)</small><br></div><div class="spacer battle-history"><br></div><div class="battle-history">The opposing Scuttle fainted!<br></div><div class="spacer battle-history"><br></div><div class="battle-history"><small>(Rain continues to fall.)</small><br></div><div class="spacer battle-history"><br></div><div class="battle-history">0TacoBoi0 sent out Steel Yourself (<strong>Kartana</strong>)!<br></div><div class="spacer battle-history"><br></div><h2 class="battle-history">Turn 26</h2><div class="chat chatmessage-haxrequiresskill"><strong style="color:#8d661d"><small class="groupsymbol">☆</small><span class="username">hax requires skill</span>:</strong> <em>wtf</em></div><div class="chat chatmessage-0tacoboi0"><strong style="color:#5166d2"><small class="groupsymbol">☆</small><span class="username">0TacoBoi0</span>:</strong> <em>not necessary man cmon msh</em></div><div class="chat chatmessage-0tacoboi0"><strong style="color:#5166d2"><small class="groupsymbol">☆</small><span class="username">0TacoBoi0</span>:</strong> <em>smh</em></div><div class="chat chatmessage-haxrequiresskill"><strong style="color:#8d661d"><small class="groupsymbol">☆</small><span class="username">hax requires skill</span>:</strong> <em>this is me i should not be having good luck</em></div><div class="spacer battle-history"><br></div><div class="battle-history">Tornadus used <strong>Hurricane</strong>!<br></div><div class="battle-history"><small>(The opposing Steel Yourself lost 80% of its health!)</small><br></div><div class="spacer battle-history"><br></div><div class="battle-history">The opposing Steel Yourself fainted!<br></div><div class="spacer battle-history"><br></div><div class="battle-history"><strong>hax requires skill</strong> won the battle!<br></div><div class="chat chatmessage-haxrequiresskill"><strong style="color:#8d661d"><small class="groupsymbol">☆</small><span class="username">hax requires skill</span>:</strong> <em>gg sorry for hax</em></div><div class="chat chatmessage-0tacoboi0"><strong style="color:#5166d2"><small class="groupsymbol">☆</small><span class="username">0TacoBoi0</span>:</strong> <em>well that requires skill</em></div><div class="chat chatmessage-0tacoboi0"><strong style="color:#5166d2"><small class="groupsymbol">☆</small><span class="username">0TacoBoi0</span>:</strong> <em>gg</em></div></div><div class="inner-preempt message-log"></div></div></div>
</div>
<script>
let daily = Math.floor(Date.now()/1000/60/60/24);document.write('<script src="https://play.pokemonshowdown.com/js/replay-embed.js?version'+daily+'"></'+'script>');
</script>
