<!DOCTYPE html>
<meta charset="utf-8" />
<!-- version 1 -->
<title>[Gen 9] NatDex Draft replay: bluefox08 vs. Xman06</title>
<style>
html,body {font-family:Verdana, sans-serif;font-size:10pt;margin:0;padding:0;}body{padding:12px 0;} .battle-log {font-family:Verdana, sans-serif;font-size:10pt;} .battle-log-inline {border:1px solid #AAAAAA;background:#EEF2F5;color:black;max-width:640px;margin:0 auto 80px;padding-bottom:5px;} .battle-log .inner {padding:4px 8px 0px 8px;} .battle-log .inner-preempt {padding:0 8px 4px 8px;} .battle-log .inner-after {margin-top:0.5em;} .battle-log h2 {margin:0.5em -8px;padding:4px 8px;border:1px solid #AAAAAA;background:#E0E7EA;border-left:0;border-right:0;font-family:Verdana, sans-serif;font-size:13pt;} .battle-log .chat {vertical-align:middle;padding:3px 0 3px 0;font-size:8pt;} .battle-log .chat strong {color:#40576A;} .battle-log .chat em {padding:1px 4px 1px 3px;color:#000000;font-style:normal;} .chat.mine {background:rgba(0,0,0,0.05);margin-left:-8px;margin-right:-8px;padding-left:8px;padding-right:8px;} .spoiler {color:#BBBBBB;background:#BBBBBB;padding:0px 3px;} .spoiler:hover, .spoiler:active, .spoiler-shown {color:#000000;background:#E2E2E2;padding:0px 3px;} .spoiler a {color:#BBBBBB;} .spoiler:hover a, .spoiler:active a, .spoiler-shown a {color:#2288CC;} .chat code, .chat .spoiler:hover code, .chat .spoiler:active code, .chat .spoiler-shown code {border:1px solid #C0C0C0;background:#EEEEEE;color:black;padding:0 2px;} .chat .spoiler code {border:1px solid #CCCCCC;background:#CCCCCC;color:#CCCCCC;} .battle-log .rated {padding:3px 4px;} .battle-log .rated strong {color:white;background:#89A;padding:1px 4px;border-radius:4px;} .spacer {margin-top:0.5em;} .message-announce {background:#6688AA;color:white;padding:1px 4px 2px;} .message-announce a, .broadcast-green a, .broadcast-blue a, .broadcast-red a {color:#DDEEFF;} .broadcast-green {background-color:#559955;color:white;padding:2px 4px;} .broadcast-blue {background-color:#6688AA;color:white;padding:2px 4px;} .infobox {border:1px solid #6688AA;padding:2px 4px;} .infobox-limited {max-height:200px;overflow:auto;overflow-x:hidden;} .broadcast-red {background-color:#AA5544;color:white;padding:2px 4px;} .message-learn-canlearn {font-weight:bold;color:#228822;text-decoration:underline;} .message-learn-cannotlearn {font-weight:bold;color:#CC2222;text-decoration:underline;} .message-effect-weak {font-weight:bold;color:#CC2222;} .message-effect-resist {font-weight:bold;color:#6688AA;} .message-effect-immune {font-weight:bold;color:#666666;} .message-learn-list {margin-top:0;margin-bottom:0;} .message-throttle-notice, .message-error {color:#992222;} .message-overflow, .chat small.message-overflow {font-size:0pt;} .message-overflow::before {font-size:9pt;content:'...';} .subtle {color:#3A4A66;}
</style>
<div class="wrapper replay-wrapper" style="max-width:1180px;margin:0 auto">
<input type="hidden" name="replayid" value="gen9natdexdraft-2361226992" />
<div class="battle"></div><div class="battle-log"></div><div class="replay-controls"></div><div class="replay-controls-2"></div>
<h1 style="font-weight:normal;text-align:center"><strong>[Gen 9] NatDex Draft</strong><br /><a href="http://pokemonshowdown.com/users/bluefox08" class="subtle" target="_blank">bluefox08</a> vs. <a href="http://pokemonshowdown.com/users/xman06" class="subtle" target="_blank">Xman06</a></h1>
<script type="text/plain" class="battle-log-data">
|j|☆bluefox08
|j|☆Xman06
|t:|1746908264
|gametype|singles
|player|p1|bluefox08|ethan|
|player|p2|Xman06|265|
|teamsize|p1|6
|teamsize|p2|6
|gen|9
|tier|[Gen 9] NatDex Draft
|rule|Sleep Clause Mod: Limit one foe put to sleep
|rule|OHKO Clause: OHKO moves are banned
|rule|Evasion Clause: Evasion abilities, items, and moves are banned
|rule|Evasion Abilities Clause: Evasion abilities are banned
|rule|Evasion Items Clause: Evasion items are banned
|rule|Evasion Moves Clause: Evasion moves are banned
|rule|Endless Battle Clause: Forcing endless battles is banned
|rule|HP Percentage Mod: HP is shown in percentages
|clearpoke
|poke|p1|Exeggutor-Alola, M|
|poke|p1|Tapu Fini|
|poke|p1|Lopunny, M|
|poke|p1|Scizor, M|
|poke|p1|Hitmonlee, M|
|poke|p1|Tsareena, F|
|poke|p2|Aerodactyl, F|
|poke|p2|Excadrill, M|
|poke|p2|Hippowdon, F|
|poke|p2|Gyarados, M|
|poke|p2|Magnezone|
|poke|p2|Lucario, M|
|teampreview
|c|☆Xman06|Glhf
|c|☆bluefox08|hf
|
|t:|1746908314
|start
|switch|p1a: Tsareena|Tsareena, F|100\/100
|switch|p2a: Aerodactyl|Aerodactyl, F|100\/100
|-ability|p2a: Aerodactyl|Unnerve
|turn|1
|
|t:|1746908322
|-terastallize|p1a: Tsareena|Ice
|move|p2a: Aerodactyl|Stealth Rock|p1a: Tsareena
|-sidestart|p1: bluefox08|move: Stealth Rock
|move|p1a: Tsareena|Triple Axel|p2a: Aerodactyl
|-supereffective|p2a: Aerodactyl
|-damage|p2a: Aerodactyl|65\/100
|-supereffective|p2a: Aerodactyl
|-damage|p2a: Aerodactyl|0 fnt
|faint|p2a: Aerodactyl
|-hitcount|p2: Aerodactyl|2
|
|upkeep
|j| PLZXEN
|
|t:|1746908339
|switch|p2a: Lucario|Lucario, M|100\/100
|turn|2
|
|t:|1746908344
|switch|p1a: Scizor|Scizor, M|100\/100
|-damage|p1a: Scizor|88\/100|[from] Stealth Rock
|move|p2a: Lucario|Close Combat|p1a: Scizor
|-damage|p1a: Scizor|0 fnt
|-unboost|p2a: Lucario|def|1
|-unboost|p2a: Lucario|spd|1
|faint|p1a: Scizor
|
|upkeep
|
|t:|1746908358
|switch|p1a: Exeggutor|Exeggutor-Alola, M, shiny|100\/100
|-damage|p1a: Exeggutor|88\/100|[from] Stealth Rock
|-item|p2a: Lucario|Choice Band|[from] ability: Frisk|[of] p1a: Exeggutor
|turn|3
|
|t:|1746908365
|switch|p2a: Hippowdon|Hippowdon, F|100\/100
|-weather|Sandstorm|[from] ability: Sand Stream|[of] p2a: Hippowdon
|move|p1a: Exeggutor|Flamethrower|p2a: Hippowdon
|-damage|p2a: Hippowdon|73\/100
|-enditem|p2a: Hippowdon|Eject Button
|
|t:|1746908370
|switch|p2a: Gyarados|Gyarados, M|100\/100
|
|-weather|Sandstorm|[upkeep]
|-damage|p2a: Gyarados|94\/100|[from] Sandstorm
|-damage|p1a: Exeggutor|82\/100|[from] Sandstorm
|upkeep
|turn|4
|
|t:|1746908378
|move|p2a: Gyarados|Dragon Dance|p2a: Gyarados
|-boost|p2a: Gyarados|atk|1
|-boost|p2a: Gyarados|spe|1
|move|p1a: Exeggutor|Dragon Pulse|p2a: Gyarados
|-damage|p2a: Gyarados|55\/100
|
|-weather|Sandstorm|[upkeep]
|-damage|p2a: Gyarados|49\/100|[from] Sandstorm
|-damage|p1a: Exeggutor|76\/100|[from] Sandstorm
|upkeep
|turn|5
|
|t:|1746908385
|move|p2a: Gyarados|Crunch|p1a: Exeggutor
|-damage|p1a: Exeggutor|45\/100
|-damage|p2a: Gyarados|33\/100|[from] item: Rocky Helmet|[of] p1a: Exeggutor
|move|p1a: Exeggutor|Dragon Pulse|p2a: Gyarados
|-damage|p2a: Gyarados|0 fnt
|faint|p2a: Gyarados
|
|-weather|Sandstorm|[upkeep]
|-damage|p1a: Exeggutor|39\/100|[from] Sandstorm
|upkeep
|
|t:|1746908392
|switch|p2a: Excadrill|Excadrill, M|100\/100
|turn|6
|
|t:|1746908401
|move|p2a: Excadrill|Earthquake|p1a: Exeggutor
|-resisted|p1a: Exeggutor
|-damage|p1a: Exeggutor|12\/100
|-damage|p2a: Excadrill|91\/100|[from] item: Life Orb
|move|p1a: Exeggutor|Moonlight|p1a: Exeggutor
|-heal|p1a: Exeggutor|37\/100
|
|-weather|Sandstorm|[upkeep]
|-damage|p1a: Exeggutor|31\/100|[from] Sandstorm
|upkeep
|turn|7
|
|t:|1746908411
|move|p2a: Excadrill|Earthquake|p1a: Exeggutor
|-resisted|p1a: Exeggutor
|-damage|p1a: Exeggutor|7\/100
|-damage|p2a: Excadrill|81\/100|[from] item: Life Orb
|move|p1a: Exeggutor|Moonlight|p1a: Exeggutor
|-heal|p1a: Exeggutor|31\/100
|
|-weather|none
|upkeep
|turn|8
|
|t:|1746908421
|switch|p2a: Magnezone|Magnezone|100\/100
|move|p1a: Exeggutor|Moonlight|p1a: Exeggutor
|-heal|p1a: Exeggutor|81\/100
|
|upkeep
|turn|9
|
|t:|1746908428
|move|p2a: Magnezone|Thunderbolt|p1a: Exeggutor
|-resisted|p1a: Exeggutor
|-damage|p1a: Exeggutor|71\/100
|move|p1a: Exeggutor|Flamethrower|p2a: Magnezone
|-supereffective|p2a: Magnezone
|-damage|p2a: Magnezone|62\/100
|
|upkeep
|turn|10
|
|t:|1746908434
|move|p2a: Magnezone|Flash Cannon|p1a: Exeggutor
|-damage|p1a: Exeggutor|31\/100
|move|p1a: Exeggutor|Flamethrower|p2a: Magnezone
|-supereffective|p2a: Magnezone
|-damage|p2a: Magnezone|25\/100
|
|upkeep
|turn|11
|
|t:|1746908440
|switch|p1a: Hitmonlee|Hitmonlee, M|100\/100
|-damage|p1a: Hitmonlee|94\/100|[from] Stealth Rock
|move|p2a: Magnezone|Flash Cannon|p1a: Hitmonlee
|-damage|p1a: Hitmonlee|47\/100
|
|upkeep
|turn|12
|l| PLZXEN
|
|t:|1746908448
|move|p1a: Hitmonlee|Mach Punch|p2a: Magnezone
|-supereffective|p2a: Magnezone
|-damage|p2a: Magnezone|0 fnt
|faint|p2a: Magnezone
|
|upkeep
|
|t:|1746908452
|switch|p2a: Lucario|Lucario, M|100\/100
|turn|13
|
|t:|1746908460
|-terastallize|p2a: Lucario|Normal
|move|p2a: Lucario|Extreme Speed|p1a: Hitmonlee
|-damage|p1a: Hitmonlee|0 fnt
|faint|p1a: Hitmonlee
|
|upkeep
|j| PLZXEN
|
|t:|1746908473
|switch|p1a: Tsareena|Tsareena, F, tera:Ice|100\/100
|-damage|p1a: Tsareena|76\/100|[from] Stealth Rock
|turn|14
|
|t:|1746908476
|move|p2a: Lucario|Extreme Speed||[still]
|cant|p1a: Tsareena|ability: Queenly Majesty|Extreme Speed|[of] p2a: Lucario
|move|p1a: Tsareena|Rapid Spin|p2a: Lucario
|-damage|p2a: Lucario|73\/100
|-boost|p1a: Tsareena|spe|1
|-sideend|p1: bluefox08|Stealth Rock|[from] move: Rapid Spin|[of] p1a: Tsareena
|
|upkeep
|turn|15
|
|t:|1746908483
|switch|p2a: Hippowdon|Hippowdon, F|73\/100
|-weather|Sandstorm|[from] ability: Sand Stream|[of] p2a: Hippowdon
|move|p1a: Tsareena|Power Whip|p2a: Hippowdon
|-supereffective|p2a: Hippowdon
|-damage|p2a: Hippowdon|6\/100
|
|-weather|Sandstorm|[upkeep]
|-damage|p1a: Tsareena|70\/100|[from] Sandstorm
|upkeep
|turn|16
|
|t:|1746908494
|move|p1a: Tsareena|U-turn|p2a: Hippowdon
|-damage|p2a: Hippowdon|0 fnt
|faint|p2a: Hippowdon
|
|t:|1746908500
|switch|p1a: Tapu Fini|Tapu Fini|100\/100|[from] U-turn
|-fieldstart|move: Misty Terrain|[from] ability: Misty Surge|[of] p1a: Tapu Fini
|
|-weather|Sandstorm|[upkeep]
|-damage|p1a: Tapu Fini|94\/100|[from] Sandstorm
|-heal|p1a: Tapu Fini|100\/100|[from] item: Leftovers
|upkeep
|
|t:|1746908503
|switch|p2a: Excadrill|Excadrill, M|81\/100
|turn|17
|
|t:|1746908509
|move|p2a: Excadrill|Earthquake|p1a: Tapu Fini
|-damage|p1a: Tapu Fini|56\/100
|-damage|p2a: Excadrill|71\/100|[from] item: Life Orb
|move|p1a: Tapu Fini|Surf|p2a: Excadrill
|-supereffective|p2a: Excadrill
|-damage|p2a: Excadrill|0 fnt
|faint|p2a: Excadrill
|
|-weather|Sandstorm|[upkeep]
|-damage|p1a: Tapu Fini|50\/100|[from] Sandstorm
|-heal|p1a: Tapu Fini|56\/100|[from] item: Leftovers
|upkeep
|l| PLZXEN
|
|t:|1746908512
|switch|p2a: Lucario|Lucario, M, tera:Normal|73\/100
|turn|18
|
|t:|1746908521
|move|p2a: Lucario|Meteor Mash|p1a: Tapu Fini
|-damage|p1a: Tapu Fini|11\/100
|move|p1a: Tapu Fini|Iron Defense|p1a: Tapu Fini
|-boost|p1a: Tapu Fini|def|2
|
|-weather|Sandstorm|[upkeep]
|-damage|p2a: Lucario|67\/100|[from] Sandstorm
|-damage|p1a: Tapu Fini|5\/100|[from] Sandstorm
|-heal|p1a: Tapu Fini|11\/100|[from] item: Leftovers
|upkeep
|turn|19
|
|t:|1746908530
|move|p2a: Lucario|Meteor Mash|p1a: Tapu Fini
|-damage|p1a: Tapu Fini|0 fnt
|faint|p1a: Tapu Fini
|
|-weather|none
|upkeep
|
|t:|1746908534
|switch|p1a: Lopunny|Lopunny, M|100\/100
|turn|20
|
|t:|1746908540
|detailschange|p1a: Lopunny|Lopunny-Mega, M
|-mega|p1a: Lopunny|Lopunny|Lopunnite
|move|p1a: Lopunny|Close Combat|p2a: Lucario
|-supereffective|p2a: Lucario
|-damage|p2a: Lucario|0 fnt
|-unboost|p1a: Lopunny|def|1
|-unboost|p1a: Lopunny|spd|1
|faint|p2a: Lucario
|
|win|bluefox08
|j| DiwanyaFae
|c|☆Xman06|Ggs
|c|☆bluefox08|gg

</script>
</div>
<div class="battle-log battle-log-inline"><div class="inner"><div class="battle-options"></div><div class="inner message-log"><div class="chat"><small>☆bluefox08 and ☆Xman06 joined</small></div><div class=""><small>Format:</small> <br><strong>[Gen 9] NatDex Draft</strong></div><div class=""><small><em>Sleep Clause Mod:</em> Limit one foe put to sleep</small></div><div class=""><small><em>OHKO Clause:</em> OHKO moves are banned</small></div><div class=""><small><em>Evasion Clause:</em> Evasion abilities, items, and moves are banned</small></div><div class=""><small><em>Evasion Abilities Clause:</em> Evasion abilities are banned</small></div><div class=""><small><em>Evasion Items Clause:</em> Evasion items are banned</small></div><div class=""><small><em>Evasion Moves Clause:</em> Evasion moves are banned</small></div><div class=""><small><em>Endless Battle Clause:</em> Forcing endless battles is banned</small></div><div class=""><small><em>HP Percentage Mod:</em> HP is shown in percentages</small></div><div class="chat battle-history"><strong>bluefox08's team:</strong> <em style="color:#445566;display:block;">Exeggutor-Alola / Tapu Fini / Lopunny / Scizor / Hitmonlee / Tsareena</em></div><div class="chat battle-history"><strong>Xman06's team:</strong> <em style="color:#445566;display:block;">Aerodactyl / Excadrill / Hippowdon / Gyarados / Magnezone / Lucario</em></div><div class="chat chatmessage-xman06"><strong style="color:#6174c9"><small class="groupsymbol">☆</small><span class="username">Xman06</span>:</strong> <em>Glhf</em></div><div class="chat chatmessage-bluefox08"><strong style="color:#ac7346"><small class="groupsymbol">☆</small><span class="username">bluefox08</span>:</strong> <em>hf</em></div><div class="spacer battle-history"><br></div><div class="battle-history">Battle started between bluefox08 and Xman06!<br></div><div class="spacer battle-history"><br></div><div class="battle-history">Go! <strong>Tsareena</strong>!<br></div><div class="spacer battle-history"><br></div><div class="battle-history">Xman06 sent out <strong>Aerodactyl</strong>!<br></div><div class="battle-history">[The opposing Aerodactyl's Unnerve]<br><small>Your team is too nervous to eat Berries!</small><br></div><div class="spacer battle-history"><br></div><h2 class="battle-history">Turn 1</h2><div class="spacer battle-history"><br></div><div class="battle-history"><small>Tsareena has Terastallized into the Ice-type!</small><br></div><div class="spacer battle-history"><br></div><div class="battle-history">The opposing Aerodactyl used <strong>Stealth Rock</strong>!<br></div><div class="battle-history"><small>Pointed stones float in the air around your team!</small><br></div><div class="spacer battle-history"><br></div><div class="battle-history">Tsareena used <strong>Triple Axel</strong>!<br></div><div class="battle-history"><small>It's super effective!</small><br></div><div class="battle-history"><small>(The opposing Aerodactyl lost 35% of its health!)</small><br></div><div class="battle-history"><small>It's super effective!</small><br></div><div class="battle-history"><small>(The opposing Aerodactyl lost 65% of its health!)</small><br></div><div class="spacer battle-history"><br></div><div class="battle-history">The opposing Aerodactyl fainted!<br></div><div class="battle-history"><small>The Pokémon was hit 2 times!</small><br></div><div class="chat"><small> PLZXEN joined</small></div><div class="spacer battle-history"><br></div><div class="battle-history">Xman06 sent out <strong>Lucario</strong>!<br></div><div class="spacer battle-history"><br></div><h2 class="battle-history">Turn 2</h2><div class="spacer battle-history"><br></div><div class="battle-history">Tsareena, come back!<br></div><div class="battle-history">Go! <strong>Scizor</strong>!<br></div><div class="battle-history"><small>Pointed stones dug into Scizor!</small><br></div><div class="spacer battle-history"><br></div><div class="battle-history">The opposing Lucario used <strong>Close Combat</strong>!<br></div><div class="battle-history"><small>(Scizor lost 88% of its health!)</small><br></div><div class="battle-history"><small>The opposing Lucario's Defense fell!</small><br></div><div class="battle-history"><small>The opposing Lucario's Sp. Def fell!</small><br></div><div class="spacer battle-history"><br></div><div class="battle-history">Scizor fainted!<br></div><div class="spacer battle-history"><br></div><div class="battle-history">Go! Exeggutor (<strong>Exeggutor-Alola</strong>)!<br></div><div class="battle-history"><small>Pointed stones dug into Exeggutor!</small><br></div><div class="battle-history">[Exeggutor's Frisk]<br><small>Exeggutor frisked the opposing Lucario and found its Choice Band!</small><br></div><div class="spacer battle-history"><br></div><h2 class="battle-history">Turn 3</h2><div class="spacer battle-history"><br></div><div class="battle-history">Xman06 withdrew Lucario!<br></div><div class="battle-history">Xman06 sent out <strong>Hippowdon</strong>!<br></div><div class="battle-history">[The opposing Hippowdon's Sand Stream]<br><small>A sandstorm kicked up!</small><br></div><div class="spacer battle-history"><br></div><div class="battle-history">Exeggutor used <strong>Flamethrower</strong>!<br></div><div class="battle-history"><small>(The opposing Hippowdon lost 27% of its health!)</small><br></div><div class="battle-history"><small>The opposing Hippowdon is switched out with the Eject Button!</small><br></div><div class="spacer battle-history"><br></div><div class="battle-history">Xman06 withdrew Hippowdon!<br></div><div class="battle-history">Xman06 sent out <strong>Gyarados</strong>!<br></div><div class="spacer battle-history"><br></div><div class="battle-history"><small>(The sandstorm is raging.)</small><br></div><div class="battle-history"><small>The opposing Gyarados is buffeted by the sandstorm!</small><br></div><div class="battle-history"><small>Exeggutor is buffeted by the sandstorm!</small><br></div><div class="spacer battle-history"><br></div><h2 class="battle-history">Turn 4</h2><div class="spacer battle-history"><br></div><div class="battle-history">The opposing Gyarados used <strong>Dragon Dance</strong>!<br></div><div class="battle-history"><small>The opposing Gyarados's Attack rose!</small><br></div><div class="battle-history"><small>The opposing Gyarados's Speed rose!</small><br></div><div class="spacer battle-history"><br></div><div class="battle-history">Exeggutor used <strong>Dragon Pulse</strong>!<br></div><div class="battle-history"><small>(The opposing Gyarados lost 39% of its health!)</small><br></div><div class="spacer battle-history"><br></div><div class="battle-history"><small>(The sandstorm is raging.)</small><br></div><div class="battle-history"><small>The opposing Gyarados is buffeted by the sandstorm!</small><br></div><div class="battle-history"><small>Exeggutor is buffeted by the sandstorm!</small><br></div><div class="spacer battle-history"><br></div><h2 class="battle-history">Turn 5</h2><div class="spacer battle-history"><br></div><div class="battle-history">The opposing Gyarados used <strong>Crunch</strong>!<br></div><div class="battle-history"><small>(Exeggutor lost 31% of its health!)</small><br></div><div class="battle-history"><small>The opposing Gyarados was hurt by the Rocky Helmet!</small><br></div><div class="spacer battle-history"><br></div><div class="battle-history">Exeggutor used <strong>Dragon Pulse</strong>!<br></div><div class="battle-history"><small>(The opposing Gyarados lost 33% of its health!)</small><br></div><div class="spacer battle-history"><br></div><div class="battle-history">The opposing Gyarados fainted!<br></div><div class="spacer battle-history"><br></div><div class="battle-history"><small>(The sandstorm is raging.)</small><br></div><div class="battle-history"><small>Exeggutor is buffeted by the sandstorm!</small><br></div><div class="spacer battle-history"><br></div><div class="battle-history">Xman06 sent out <strong>Excadrill</strong>!<br></div><div class="spacer battle-history"><br></div><h2 class="battle-history">Turn 6</h2><div class="spacer battle-history"><br></div><div class="battle-history">The opposing Excadrill used <strong>Earthquake</strong>!<br></div><div class="battle-history"><small>It's not very effective...</small><br></div><div class="battle-history"><small>(Exeggutor lost 27% of its health!)</small><br></div><div class="battle-history"><small>The opposing Excadrill lost some of its HP!</small><br></div><div class="spacer battle-history"><br></div><div class="battle-history">Exeggutor used <strong>Moonlight</strong>!<br></div><div class="battle-history"><small>Exeggutor had its HP restored.</small><br></div><div class="spacer battle-history"><br></div><div class="battle-history"><small>(The sandstorm is raging.)</small><br></div><div class="battle-history"><small>Exeggutor is buffeted by the sandstorm!</small><br></div><div class="spacer battle-history"><br></div><h2 class="battle-history">Turn 7</h2><div class="spacer battle-history"><br></div><div class="battle-history">The opposing Excadrill used <strong>Earthquake</strong>!<br></div><div class="battle-history"><small>It's not very effective...</small><br></div><div class="battle-history"><small>(Exeggutor lost 24% of its health!)</small><br></div><div class="battle-history"><small>The opposing Excadrill lost some of its HP!</small><br></div><div class="spacer battle-history"><br></div><div class="battle-history">Exeggutor used <strong>Moonlight</strong>!<br></div><div class="battle-history"><small>Exeggutor had its HP restored.</small><br></div><div class="spacer battle-history"><br></div><div class="battle-history"><small>The sandstorm subsided.</small><br></div><div class="spacer battle-history"><br></div><h2 class="battle-history">Turn 8</h2><div class="spacer battle-history"><br></div><div class="battle-history">Xman06 withdrew Excadrill!<br></div><div class="battle-history">Xman06 sent out <strong>Magnezone</strong>!<br></div><div class="spacer battle-history"><br></div><div class="battle-history">Exeggutor used <strong>Moonlight</strong>!<br></div><div class="battle-history"><small>Exeggutor had its HP restored.</small><br></div><div class="spacer battle-history"><br></div><h2 class="battle-history">Turn 9</h2><div class="spacer battle-history"><br></div><div class="battle-history">The opposing Magnezone used <strong>Thunderbolt</strong>!<br></div><div class="battle-history"><small>It's not very effective...</small><br></div><div class="battle-history"><small>(Exeggutor lost 10% of its health!)</small><br></div><div class="spacer battle-history"><br></div><div class="battle-history">Exeggutor used <strong>Flamethrower</strong>!<br></div><div class="battle-history"><small>It's super effective!</small><br></div><div class="battle-history"><small>(The opposing Magnezone lost 38% of its health!)</small><br></div><div class="spacer battle-history"><br></div><h2 class="battle-history">Turn 10</h2><div class="spacer battle-history"><br></div><div class="battle-history">The opposing Magnezone used <strong>Flash Cannon</strong>!<br></div><div class="battle-history"><small>(Exeggutor lost 40% of its health!)</small><br></div><div class="spacer battle-history"><br></div><div class="battle-history">Exeggutor used <strong>Flamethrower</strong>!<br></div><div class="battle-history"><small>It's super effective!</small><br></div><div class="battle-history"><small>(The opposing Magnezone lost 37% of its health!)</small><br></div><div class="spacer battle-history"><br></div><h2 class="battle-history">Turn 11</h2><div class="spacer battle-history"><br></div><div class="battle-history">Exeggutor, come back!<br></div><div class="battle-history">Go! <strong>Hitmonlee</strong>!<br></div><div class="battle-history"><small>Pointed stones dug into Hitmonlee!</small><br></div><div class="spacer battle-history"><br></div><div class="battle-history">The opposing Magnezone used <strong>Flash Cannon</strong>!<br></div><div class="battle-history"><small>(Hitmonlee lost 47% of its health!)</small><br></div><div class="spacer battle-history"><br></div><h2 class="battle-history">Turn 12</h2><div class="chat"><small> PLZXEN left</small></div><div class="spacer battle-history"><br></div><div class="battle-history">Hitmonlee used <strong>Mach Punch</strong>!<br></div><div class="battle-history"><small>It's super effective!</small><br></div><div class="battle-history"><small>(The opposing Magnezone lost 25% of its health!)</small><br></div><div class="spacer battle-history"><br></div><div class="battle-history">The opposing Magnezone fainted!<br></div><div class="spacer battle-history"><br></div><div class="battle-history">Xman06 sent out <strong>Lucario</strong>!<br></div><div class="spacer battle-history"><br></div><h2 class="battle-history">Turn 13</h2><div class="spacer battle-history"><br></div><div class="battle-history"><small>The opposing Lucario has Terastallized into the Normal-type!</small><br></div><div class="spacer battle-history"><br></div><div class="battle-history">The opposing Lucario used <strong>Extreme Speed</strong>!<br></div><div class="battle-history"><small>(Hitmonlee lost 47% of its health!)</small><br></div><div class="spacer battle-history"><br></div><div class="battle-history">Hitmonlee fainted!<br></div><div class="chat"><small> PLZXEN joined</small></div><div class="spacer battle-history"><br></div><div class="battle-history">Go! <strong>Tsareena</strong>!<br></div><div class="battle-history"><small>Pointed stones dug into Tsareena!</small><br></div><div class="spacer battle-history"><br></div><h2 class="battle-history">Turn 14</h2><div class="spacer battle-history"><br></div><div class="battle-history">The opposing Lucario used <strong>Extreme Speed</strong>!<br></div><div class="battle-history">[Tsareena's Queenly Majesty]<br><small>The opposing Lucario cannot use Extreme Speed!</small><br></div><div class="spacer battle-history"><br></div><div class="battle-history">Tsareena used <strong>Rapid Spin</strong>!<br></div><div class="battle-history"><small>(The opposing Lucario lost 27% of its health!)</small><br></div><div class="battle-history"><small>Tsareena's Speed rose!</small><br></div><div class="battle-history"><small>The pointed stones disappeared from around your team!</small><br></div><div class="spacer battle-history"><br></div><h2 class="battle-history">Turn 15</h2><div class="spacer battle-history"><br></div><div class="battle-history">Xman06 withdrew Lucario!<br></div><div class="battle-history">Xman06 sent out <strong>Hippowdon</strong>!<br></div><div class="battle-history">[The opposing Hippowdon's Sand Stream]<br><small>A sandstorm kicked up!</small><br></div><div class="spacer battle-history"><br></div><div class="battle-history">Tsareena used <strong>Power Whip</strong>!<br></div><div class="battle-history"><small>It's super effective!</small><br></div><div class="battle-history"><small>(The opposing Hippowdon lost 67% of its health!)</small><br></div><div class="spacer battle-history"><br></div><div class="battle-history"><small>(The sandstorm is raging.)</small><br></div><div class="battle-history"><small>Tsareena is buffeted by the sandstorm!</small><br></div><div class="spacer battle-history"><br></div><h2 class="battle-history">Turn 16</h2><div class="spacer battle-history"><br></div><div class="battle-history">Tsareena used <strong>U-turn</strong>!<br></div><div class="battle-history"><small>(The opposing Hippowdon lost 6% of its health!)</small><br></div><div class="spacer battle-history"><br></div><div class="battle-history">The opposing Hippowdon fainted!<br></div><div class="spacer battle-history"><br></div><div class="battle-history">Tsareena went back to bluefox08!<br></div><div class="battle-history">Go! <strong>Tapu Fini</strong>!<br></div><div class="battle-history">[Tapu Fini's Misty Surge]<br><small>Mist swirled around the battlefield!</small><br></div><div class="spacer battle-history"><br></div><div class="battle-history"><small>(The sandstorm is raging.)</small><br></div><div class="battle-history"><small>Tapu Fini is buffeted by the sandstorm!</small><br></div><div class="battle-history"><small>Tapu Fini restored a little HP using its Leftovers!</small><br></div><div class="spacer battle-history"><br></div><div class="battle-history">Xman06 sent out <strong>Excadrill</strong>!<br></div><div class="spacer battle-history"><br></div><h2 class="battle-history">Turn 17</h2><div class="spacer battle-history"><br></div><div class="battle-history">The opposing Excadrill used <strong>Earthquake</strong>!<br></div><div class="battle-history"><small>(Tapu Fini lost 44% of its health!)</small><br></div><div class="battle-history"><small>The opposing Excadrill lost some of its HP!</small><br></div><div class="spacer battle-history"><br></div><div class="battle-history">Tapu Fini used <strong>Surf</strong>!<br></div><div class="battle-history"><small>It's super effective!</small><br></div><div class="battle-history"><small>(The opposing Excadrill lost 71% of its health!)</small><br></div><div class="spacer battle-history"><br></div><div class="battle-history">The opposing Excadrill fainted!<br></div><div class="spacer battle-history"><br></div><div class="battle-history"><small>(The sandstorm is raging.)</small><br></div><div class="battle-history"><small>Tapu Fini is buffeted by the sandstorm!</small><br></div><div class="battle-history"><small>Tapu Fini restored a little HP using its Leftovers!</small><br></div><div class="chat"><small> PLZXEN left</small></div><div class="spacer battle-history"><br></div><div class="battle-history">Xman06 sent out <strong>Lucario</strong>!<br></div><div class="spacer battle-history"><br></div><h2 class="battle-history">Turn 18</h2><div class="spacer battle-history"><br></div><div class="battle-history">The opposing Lucario used <strong>Meteor Mash</strong>!<br></div><div class="battle-history"><small>(Tapu Fini lost 45% of its health!)</small><br></div><div class="spacer battle-history"><br></div><div class="battle-history">Tapu Fini used <strong>Iron Defense</strong>!<br></div><div class="battle-history"><small>Tapu Fini's Defense rose sharply!</small><br></div><div class="spacer battle-history"><br></div><div class="battle-history"><small>(The sandstorm is raging.)</small><br></div><div class="battle-history"><small>The opposing Lucario is buffeted by the sandstorm!</small><br></div><div class="battle-history"><small>Tapu Fini is buffeted by the sandstorm!</small><br></div><div class="battle-history"><small>Tapu Fini restored a little HP using its Leftovers!</small><br></div><div class="spacer battle-history"><br></div><h2 class="battle-history">Turn 19</h2><div class="spacer battle-history"><br></div><div class="battle-history">The opposing Lucario used <strong>Meteor Mash</strong>!<br></div><div class="battle-history"><small>(Tapu Fini lost 11% of its health!)</small><br></div><div class="spacer battle-history"><br></div><div class="battle-history">Tapu Fini fainted!<br></div><div class="spacer battle-history"><br></div><div class="battle-history"><small>The sandstorm subsided.</small><br></div><div class="spacer battle-history"><br></div><div class="battle-history">Go! <strong>Lopunny</strong>!<br></div><div class="spacer battle-history"><br></div><h2 class="battle-history">Turn 20</h2><div class="spacer battle-history"><br></div><div class="battle-history"><small>Lopunny's Lopunnite is reacting to the Key Stone!</small><br>Lopunny has Mega Evolved into Mega Lopunny!<br></div><div class="spacer battle-history"><br></div><div class="battle-history">Lopunny used <strong>Close Combat</strong>!<br></div><div class="battle-history"><small>It's super effective!</small><br></div><div class="battle-history"><small>(The opposing Lucario lost 67% of its health!)</small><br></div><div class="battle-history"><small>Lopunny's Defense fell!</small><br></div><div class="battle-history"><small>Lopunny's Sp. Def fell!</small><br></div><div class="spacer battle-history"><br></div><div class="battle-history">The opposing Lucario fainted!<br></div><div class="spacer battle-history"><br></div><div class="battle-history"><strong>bluefox08</strong> won the battle!<br></div><div class="chat"><small> DiwanyaFae joined</small></div><div class="chat chatmessage-xman06"><strong style="color:#6174c9"><small class="groupsymbol">☆</small><span class="username">Xman06</span>:</strong> <em>Ggs</em></div><div class="chat chatmessage-bluefox08"><strong style="color:#ac7346"><small class="groupsymbol">☆</small><span class="username">bluefox08</span>:</strong> <em>gg</em></div></div><div class="inner-preempt message-log"></div></div></div>
</div>
<script>
let daily = Math.floor(Date.now()/1000/60/60/24);document.write('<script src="https://play.pokemonshowdown.com/js/replay-embed.js?version'+daily+'"></'+'script>');
</script>
