<!DOCTYPE html>
<meta charset="utf-8" />
<!-- version 1 -->
<title>[Gen 9] NatDex Draft replay: DrJargo vs. jacksepticlie</title>
<style>
html,body {font-family:Verdana, sans-serif;font-size:10pt;margin:0;padding:0;}body{padding:12px 0;} .battle-log {font-family:Verdana, sans-serif;font-size:10pt;} .battle-log-inline {border:1px solid #AAAAAA;background:#EEF2F5;color:black;max-width:640px;margin:0 auto 80px;padding-bottom:5px;} .battle-log .inner {padding:4px 8px 0px 8px;} .battle-log .inner-preempt {padding:0 8px 4px 8px;} .battle-log .inner-after {margin-top:0.5em;} .battle-log h2 {margin:0.5em -8px;padding:4px 8px;border:1px solid #AAAAAA;background:#E0E7EA;border-left:0;border-right:0;font-family:Verdana, sans-serif;font-size:13pt;} .battle-log .chat {vertical-align:middle;padding:3px 0 3px 0;font-size:8pt;} .battle-log .chat strong {color:#40576A;} .battle-log .chat em {padding:1px 4px 1px 3px;color:#000000;font-style:normal;} .chat.mine {background:rgba(0,0,0,0.05);margin-left:-8px;margin-right:-8px;padding-left:8px;padding-right:8px;} .spoiler {color:#BBBBBB;background:#BBBBBB;padding:0px 3px;} .spoiler:hover, .spoiler:active, .spoiler-shown {color:#000000;background:#E2E2E2;padding:0px 3px;} .spoiler a {color:#BBBBBB;} .spoiler:hover a, .spoiler:active a, .spoiler-shown a {color:#2288CC;} .chat code, .chat .spoiler:hover code, .chat .spoiler:active code, .chat .spoiler-shown code {border:1px solid #C0C0C0;background:#EEEEEE;color:black;padding:0 2px;} .chat .spoiler code {border:1px solid #CCCCCC;background:#CCCCCC;color:#CCCCCC;} .battle-log .rated {padding:3px 4px;} .battle-log .rated strong {color:white;background:#89A;padding:1px 4px;border-radius:4px;} .spacer {margin-top:0.5em;} .message-announce {background:#6688AA;color:white;padding:1px 4px 2px;} .message-announce a, .broadcast-green a, .broadcast-blue a, .broadcast-red a {color:#DDEEFF;} .broadcast-green {background-color:#559955;color:white;padding:2px 4px;} .broadcast-blue {background-color:#6688AA;color:white;padding:2px 4px;} .infobox {border:1px solid #6688AA;padding:2px 4px;} .infobox-limited {max-height:200px;overflow:auto;overflow-x:hidden;} .broadcast-red {background-color:#AA5544;color:white;padding:2px 4px;} .message-learn-canlearn {font-weight:bold;color:#228822;text-decoration:underline;} .message-learn-cannotlearn {font-weight:bold;color:#CC2222;text-decoration:underline;} .message-effect-weak {font-weight:bold;color:#CC2222;} .message-effect-resist {font-weight:bold;color:#6688AA;} .message-effect-immune {font-weight:bold;color:#666666;} .message-learn-list {margin-top:0;margin-bottom:0;} .message-throttle-notice, .message-error {color:#992222;} .message-overflow, .chat small.message-overflow {font-size:0pt;} .message-overflow::before {font-size:9pt;content:'...';} .subtle {color:#3A4A66;}
</style>
<div class="wrapper replay-wrapper" style="max-width:1180px;margin:0 auto">
<input type="hidden" name="replayid" value="gen9natdexdraft-2361139561" />
<div class="battle"></div><div class="battle-log"></div><div class="replay-controls"></div><div class="replay-controls-2"></div>
<h1 style="font-weight:normal;text-align:center"><strong>[Gen 9] NatDex Draft</strong><br /><a href="http://pokemonshowdown.com/users/drjargo" class="subtle" target="_blank">DrJargo</a> vs. <a href="http://pokemonshowdown.com/users/jacksepticlie" class="subtle" target="_blank">jacksepticlie</a></h1>
<script type="text/plain" class="battle-log-data">
|j|☆DrJargo
|j|☆jacksepticlie
|t:|1746898411
|gametype|singles
|player|p1|DrJargo|1|
|player|p2|jacksepticlie|unknownf|
|teamsize|p1|6
|teamsize|p2|6
|gen|9
|tier|[Gen 9] NatDex Draft
|rule|Sleep Clause Mod: Limit one foe put to sleep
|rule|OHKO Clause: OHKO moves are banned
|rule|Evasion Clause: Evasion abilities, items, and moves are banned
|rule|Evasion Abilities Clause: Evasion abilities are banned
|rule|Evasion Items Clause: Evasion items are banned
|rule|Evasion Moves Clause: Evasion moves are banned
|rule|Endless Battle Clause: Forcing endless battles is banned
|rule|HP Percentage Mod: HP is shown in percentages
|clearpoke
|poke|p1|Zeraora|
|poke|p1|Nidoqueen, F|
|poke|p1|Arcanine-Hisui, M|
|poke|p1|Iron Valiant|
|poke|p1|Swellow, F|
|poke|p1|Manaphy|
|poke|p2|Great Tusk|
|poke|p2|Ogerpon-Hearthflame, F|
|poke|p2|Weavile, M|
|poke|p2|Clefable, F|
|poke|p2|Hydreigon, F|
|poke|p2|Muk, F|
|teampreview
|
|t:|1746898444
|start
|switch|p1a: Arcanine|Arcanine-Hisui, M|100\/100
|switch|p2a: mr miyagi|Weavile, M|100\/100
|turn|1
|
|t:|1746898455
|move|p1a: Arcanine|Stealth Rock|p2a: mr miyagi
|-sidestart|p2: jacksepticlie|move: Stealth Rock
|move|p2a: mr miyagi|Counter||[still]
|-fail|p2a: mr miyagi
|
|upkeep
|turn|2
|
|t:|1746898463
|switch|p1a: Manaphy|Manaphy|100\/100
|move|p2a: mr miyagi|Knock Off|p1a: Manaphy
|-damage|p1a: Manaphy|49\/100
|-enditem|p1a: Manaphy|Leftovers|[from] move: Knock Off|[of] p2a: mr miyagi
|
|upkeep
|turn|3
|
|t:|1746898477
|move|p2a: mr miyagi|Triple Axel|p1a: Manaphy|[miss]
|-miss|p2a: mr miyagi|p1a: Manaphy
|move|p1a: Manaphy|Surf|p2a: mr miyagi
|-damage|p2a: mr miyagi|51\/100
|
|upkeep
|turn|4
|
|t:|1746898485
|move|p2a: mr miyagi|Knock Off|p1a: Manaphy
|-damage|p1a: Manaphy|16\/100
|move|p1a: Manaphy|Surf|p2a: mr miyagi
|-damage|p2a: mr miyagi|0 fnt
|faint|p2a: mr miyagi
|
|upkeep
|
|t:|1746898489
|switch|p2a: spinnus|Great Tusk|100\/100
|-damage|p2a: spinnus|97\/100|[from] Stealth Rock
|turn|5
|
|t:|1746898530
|move|p2a: spinnus|Rapid Spin|p1a: Manaphy
|-damage|p1a: Manaphy|0 fnt
|-boost|p2a: spinnus|spe|1
|-sideend|p2: jacksepticlie|Stealth Rock|[from] move: Rapid Spin|[of] p2a: spinnus
|faint|p1a: Manaphy
|
|upkeep
|
|t:|1746898580
|switch|p1a: Iron Valiant|Iron Valiant|100\/100
|turn|6
|
|t:|1746898584
|-end|p2a: spinnus|Protosynthesis|[silent]
|switch|p2a: ough|Muk, F|100\/100
|move|p1a: Iron Valiant|Moonblast|p2a: ough
|-resisted|p2a: ough
|-damage|p2a: ough|81\/100
|
|upkeep
|turn|7
|
|t:|1746898602
|-end|p1a: Iron Valiant|Quark Drive|[silent]
|switch|p1a: Nidoqueen|Nidoqueen, F|100\/100
|move|p2a: ough|Knock Off|p1a: Nidoqueen
|-damage|p1a: Nidoqueen|71\/100
|-enditem|p1a: Nidoqueen|Choice Scarf|[from] move: Knock Off|[of] p2a: ough
|
|upkeep
|turn|8
|
|t:|1746898625
|switch|p2a: the champions|Hydreigon, F|100\/100
|move|p1a: Nidoqueen|Earth Power|p2a: the champions
|-immune|p2a: the champions|[from] ability: Levitate
|
|upkeep
|turn|9
|
|t:|1746898639
|move|p2a: the champions|Draco Meteor|p1a: Nidoqueen
|-damage|p1a: Nidoqueen|0 fnt
|-unboost|p2a: the champions|spa|2
|faint|p1a: Nidoqueen
|
|upkeep
|
|t:|1746898656
|switch|p1a: Iron Valiant|Iron Valiant|100\/100
|turn|10
|
|t:|1746898666
|switch|p2a: big steppa|Clefable, F|100\/100
|move|p1a: Iron Valiant|Psyshock|p2a: big steppa
|-damage|p2a: big steppa|73\/100
|
|upkeep
|turn|11
|
|t:|1746898678
|-end|p1a: Iron Valiant|Quark Drive|[silent]
|switch|p1a: Arcanine|Arcanine-Hisui, M|100\/100
|move|p2a: big steppa|Knock Off|p1a: Arcanine
|-damage|p1a: Arcanine|85\/100
|-enditem|p1a: Arcanine|Choice Scarf|[from] move: Knock Off|[of] p2a: big steppa
|
|upkeep
|turn|12
|c|☆DrJargo|can you not have knock off on every mon
|c|☆DrJargo|its annoying
|c|☆jacksepticlie|trollfafce
|
|t:|1746898703
|move|p1a: Arcanine|Head Smash|p2a: big steppa|[miss]
|-miss|p1a: Arcanine|p2a: big steppa
|move|p2a: big steppa|Stealth Rock|p1a: Arcanine
|-sidestart|p1: DrJargo|move: Stealth Rock
|
|upkeep
|turn|13
|
|t:|1746898719
|switch|p2a: spinnus|Great Tusk|97\/100
|move|p1a: Arcanine|Head Smash|p2a: spinnus
|-resisted|p2a: spinnus
|-crit|p2a: spinnus
|-damage|p2a: spinnus|78\/100
|
|upkeep
|turn|14
|
|t:|1746898725
|switch|p1a: Swellow|Swellow, F|100\/100
|-damage|p1a: Swellow|76\/100|[from] Stealth Rock
|move|p2a: spinnus|Close Combat|p1a: Swellow
|-damage|p1a: Swellow|0 fnt
|-unboost|p2a: spinnus|def|1
|-unboost|p2a: spinnus|spd|1
|faint|p1a: Swellow
|
|upkeep
|
|t:|1746898729
|switch|p1a: Iron Valiant|Iron Valiant|100\/100
|-damage|p1a: Iron Valiant|94\/100|[from] Stealth Rock
|turn|15
|
|t:|1746898733
|-end|p2a: spinnus|Protosynthesis|[silent]
|switch|p2a: ough|Muk, F|81\/100
|move|p1a: Iron Valiant|Moonblast|p2a: ough
|-resisted|p2a: ough
|-crit|p2a: ough
|-damage|p2a: ough|53\/100
|
|upkeep
|turn|16
|
|t:|1746898737
|move|p1a: Iron Valiant|Psyshock|p2a: ough
|-supereffective|p2a: ough
|-enditem|p2a: ough|Payapa Berry|[eat]
|-enditem|p2a: ough|Payapa Berry|[weaken]
|-damage|p2a: ough|23\/100
|move|p2a: ough|Toxic Spikes|p1a: Iron Valiant
|-sidestart|p1: DrJargo|move: Toxic Spikes
|
|upkeep
|turn|17
|
|t:|1746898744
|move|p1a: Iron Valiant|Psyshock|p2a: ough
|-supereffective|p2a: ough
|-damage|p2a: ough|0 fnt
|faint|p2a: ough
|
|upkeep
|
|t:|1746898753
|switch|p2a: bonko|Ogerpon-Hearthflame, F|100\/100
|-ability|p2a: bonko|Mold Breaker
|turn|18
|
|t:|1746898758
|move|p1a: Iron Valiant|Poison Jab|p2a: bonko
|-supereffective|p2a: bonko
|-damage|p2a: bonko|47\/100
|move|p2a: bonko|Ivy Cudgel|p1a: Iron Valiant|[anim] Ivy Cudgel Fire
|-damage|p1a: Iron Valiant|7\/100
|
|upkeep
|turn|19
|
|t:|1746898769
|move|p1a: Iron Valiant|Poison Jab|p2a: bonko
|-supereffective|p2a: bonko
|-damage|p2a: bonko|0 fnt
|faint|p2a: bonko
|
|upkeep
|
|t:|1746898771
|switch|p2a: spinnus|Great Tusk|78\/100
|turn|20
|
|t:|1746898773
|move|p2a: spinnus|Headlong Rush|p1a: Iron Valiant
|-damage|p1a: Iron Valiant|0 fnt
|-unboost|p2a: spinnus|def|1
|-unboost|p2a: spinnus|spd|1
|faint|p1a: Iron Valiant
|-end|p1a: Iron Valiant|Quark Drive|[silent]
|
|upkeep
|c|☆DrJargo|no way you're scarf rapid spin
|c|☆jacksepticlie|:)
|
|t:|1746898789
|switch|p1a: Arcanine|Arcanine-Hisui, M|85\/100
|-damage|p1a: Arcanine|60\/100|[from] Stealth Rock
|-status|p1a: Arcanine|psn
|turn|21
|
|t:|1746898791
|move|p2a: spinnus|Headlong Rush|p1a: Arcanine
|-supereffective|p1a: Arcanine
|-damage|p1a: Arcanine|0 fnt
|-unboost|p2a: spinnus|def|1
|-unboost|p2a: spinnus|spd|1
|faint|p1a: Arcanine
|
|upkeep
|
|t:|1746898793
|switch|p1a: Zeraora|Zeraora|100\/100
|-damage|p1a: Zeraora|88\/100|[from] Stealth Rock
|-status|p1a: Zeraora|psn
|turn|22
|
|t:|1746898795
|move|p2a: spinnus|Headlong Rush|p1a: Zeraora
|-supereffective|p1a: Zeraora
|-damage|p1a: Zeraora|0 fnt
|-unboost|p2a: spinnus|def|1
|-unboost|p2a: spinnus|spd|1
|faint|p1a: Zeraora
|
|win|jacksepticlie
|l|☆DrJargo
|player|p1|

</script>
</div>
<div class="battle-log battle-log-inline"><div class="inner"><div class="battle-options"></div><div class="inner message-log"><div class="chat"><small>☆DrJargo and ☆jacksepticlie joined</small></div><div class=""><small>Format:</small> <br><strong>[Gen 9] NatDex Draft</strong></div><div class=""><small><em>Sleep Clause Mod:</em> Limit one foe put to sleep</small></div><div class=""><small><em>OHKO Clause:</em> OHKO moves are banned</small></div><div class=""><small><em>Evasion Clause:</em> Evasion abilities, items, and moves are banned</small></div><div class=""><small><em>Evasion Abilities Clause:</em> Evasion abilities are banned</small></div><div class=""><small><em>Evasion Items Clause:</em> Evasion items are banned</small></div><div class=""><small><em>Evasion Moves Clause:</em> Evasion moves are banned</small></div><div class=""><small><em>Endless Battle Clause:</em> Forcing endless battles is banned</small></div><div class=""><small><em>HP Percentage Mod:</em> HP is shown in percentages</small></div><div class="chat battle-history"><strong>DrJargo's team:</strong> <em style="color:#445566;display:block;">Zeraora / Nidoqueen / Arcanine-Hisui / Iron Valiant / Swellow / Manaphy</em></div><div class="chat battle-history"><strong>jacksepticlie's team:</strong> <em style="color:#445566;display:block;">Great Tusk / Ogerpon-Hearthflame / Weavile / Clefable / Hydreigon / Muk</em></div><div class="spacer battle-history"><br></div><div class="battle-history">Battle started between DrJargo and jacksepticlie!<br></div><div class="spacer battle-history"><br></div><div class="battle-history">Go! Arcanine (<strong>Arcanine-Hisui</strong>)!<br></div><div class="spacer battle-history"><br></div><div class="battle-history">jacksepticlie sent out mr miyagi (<strong>Weavile</strong>)!<br></div><div class="spacer battle-history"><br></div><h2 class="battle-history">Turn 1</h2><div class="spacer battle-history"><br></div><div class="battle-history">Arcanine used <strong>Stealth Rock</strong>!<br></div><div class="battle-history"><small>Pointed stones float in the air around the opposing team!</small><br></div><div class="spacer battle-history"><br></div><div class="battle-history">The opposing mr miyagi used <strong>Counter</strong>!<br></div><div class="battle-history"><small>But it failed!</small><br></div><div class="spacer battle-history"><br></div><h2 class="battle-history">Turn 2</h2><div class="spacer battle-history"><br></div><div class="battle-history">Arcanine, come back!<br></div><div class="battle-history">Go! <strong>Manaphy</strong>!<br></div><div class="spacer battle-history"><br></div><div class="battle-history">The opposing mr miyagi used <strong>Knock Off</strong>!<br></div><div class="battle-history"><small>(Manaphy lost 51% of its health!)</small><br></div><div class="battle-history"><small>The opposing mr miyagi knocked off Manaphy's Leftovers!</small><br></div><div class="spacer battle-history"><br></div><h2 class="battle-history">Turn 3</h2><div class="spacer battle-history"><br></div><div class="battle-history">The opposing mr miyagi used <strong>Triple Axel</strong>!<br></div><div class="battle-history"><small>Manaphy avoided the attack!</small><br></div><div class="spacer battle-history"><br></div><div class="battle-history">Manaphy used <strong>Surf</strong>!<br></div><div class="battle-history"><small>(The opposing mr miyagi lost 49% of its health!)</small><br></div><div class="spacer battle-history"><br></div><h2 class="battle-history">Turn 4</h2><div class="spacer battle-history"><br></div><div class="battle-history">The opposing mr miyagi used <strong>Knock Off</strong>!<br></div><div class="battle-history"><small>(Manaphy lost 33% of its health!)</small><br></div><div class="spacer battle-history"><br></div><div class="battle-history">Manaphy used <strong>Surf</strong>!<br></div><div class="battle-history"><small>(The opposing mr miyagi lost 51% of its health!)</small><br></div><div class="spacer battle-history"><br></div><div class="battle-history">The opposing mr miyagi fainted!<br></div><div class="spacer battle-history"><br></div><div class="battle-history">jacksepticlie sent out spinnus (<strong>Great Tusk</strong>)!<br></div><div class="battle-history"><small>Pointed stones dug into the opposing spinnus!</small><br></div><div class="spacer battle-history"><br></div><h2 class="battle-history">Turn 5</h2><div class="spacer battle-history"><br></div><div class="battle-history">The opposing spinnus used <strong>Rapid Spin</strong>!<br></div><div class="battle-history"><small>(Manaphy lost 16% of its health!)</small><br></div><div class="battle-history"><small>The opposing spinnus's Speed rose!</small><br></div><div class="battle-history"><small>The pointed stones disappeared from around the opposing team!</small><br></div><div class="spacer battle-history"><br></div><div class="battle-history">Manaphy fainted!<br></div><div class="spacer battle-history"><br></div><div class="battle-history">Go! <strong>Iron Valiant</strong>!<br></div><div class="spacer battle-history"><br></div><h2 class="battle-history">Turn 6</h2><div class="spacer battle-history"><br></div><div class="battle-history">jacksepticlie withdrew spinnus!<br></div><div class="battle-history">jacksepticlie sent out ough (<strong>Muk</strong>)!<br></div><div class="spacer battle-history"><br></div><div class="battle-history">Iron Valiant used <strong>Moonblast</strong>!<br></div><div class="battle-history"><small>It's not very effective...</small><br></div><div class="battle-history"><small>(The opposing ough lost 19% of its health!)</small><br></div><div class="spacer battle-history"><br></div><h2 class="battle-history">Turn 7</h2><div class="spacer battle-history"><br></div><div class="battle-history">Iron Valiant, come back!<br></div><div class="battle-history">Go! <strong>Nidoqueen</strong>!<br></div><div class="spacer battle-history"><br></div><div class="battle-history">The opposing ough used <strong>Knock Off</strong>!<br></div><div class="battle-history"><small>(Nidoqueen lost 29% of its health!)</small><br></div><div class="battle-history"><small>The opposing ough knocked off Nidoqueen's Choice Scarf!</small><br></div><div class="spacer battle-history"><br></div><h2 class="battle-history">Turn 8</h2><div class="spacer battle-history"><br></div><div class="battle-history">jacksepticlie withdrew ough!<br></div><div class="battle-history">jacksepticlie sent out the champions (<strong>Hydreigon</strong>)!<br></div><div class="spacer battle-history"><br></div><div class="battle-history">Nidoqueen used <strong>Earth Power</strong>!<br></div><div class="battle-history">[The opposing the champions's Levitate]<br><small>It doesn't affect the opposing the champions...</small><br></div><div class="spacer battle-history"><br></div><h2 class="battle-history">Turn 9</h2><div class="spacer battle-history"><br></div><div class="battle-history">The opposing the champions used <strong>Draco Meteor</strong>!<br></div><div class="battle-history"><small>(Nidoqueen lost 71% of its health!)</small><br></div><div class="battle-history"><small>The opposing the champions's Sp. Atk fell harshly!</small><br></div><div class="spacer battle-history"><br></div><div class="battle-history">Nidoqueen fainted!<br></div><div class="spacer battle-history"><br></div><div class="battle-history">Go! <strong>Iron Valiant</strong>!<br></div><div class="spacer battle-history"><br></div><h2 class="battle-history">Turn 10</h2><div class="spacer battle-history"><br></div><div class="battle-history">jacksepticlie withdrew the champions!<br></div><div class="battle-history">jacksepticlie sent out big steppa (<strong>Clefable</strong>)!<br></div><div class="spacer battle-history"><br></div><div class="battle-history">Iron Valiant used <strong>Psyshock</strong>!<br></div><div class="battle-history"><small>(The opposing big steppa lost 27% of its health!)</small><br></div><div class="spacer battle-history"><br></div><h2 class="battle-history">Turn 11</h2><div class="spacer battle-history"><br></div><div class="battle-history">Iron Valiant, come back!<br></div><div class="battle-history">Go! Arcanine (<strong>Arcanine-Hisui</strong>)!<br></div><div class="spacer battle-history"><br></div><div class="battle-history">The opposing big steppa used <strong>Knock Off</strong>!<br></div><div class="battle-history"><small>(Arcanine lost 15% of its health!)</small><br></div><div class="battle-history"><small>The opposing big steppa knocked off Arcanine's Choice Scarf!</small><br></div><div class="spacer battle-history"><br></div><h2 class="battle-history">Turn 12</h2><div class="chat chatmessage-drjargo"><strong style="color:#ab9733"><small class="groupsymbol">☆</small><span class="username">DrJargo</span>:</strong> <em>can you not have knock off on every mon</em></div><div class="chat chatmessage-drjargo"><strong style="color:#ab9733"><small class="groupsymbol">☆</small><span class="username">DrJargo</span>:</strong> <em>its annoying</em></div><div class="chat chatmessage-jacksepticlie"><strong style="color:#10935a"><small class="groupsymbol">☆</small><span class="username">jacksepticlie</span>:</strong> <em>trollfafce</em></div><div class="spacer battle-history"><br></div><div class="battle-history">Arcanine used <strong>Head Smash</strong>!<br></div><div class="battle-history"><small>The opposing big steppa avoided the attack!</small><br></div><div class="spacer battle-history"><br></div><div class="battle-history">The opposing big steppa used <strong>Stealth Rock</strong>!<br></div><div class="battle-history"><small>Pointed stones float in the air around your team!</small><br></div><div class="spacer battle-history"><br></div><h2 class="battle-history">Turn 13</h2><div class="spacer battle-history"><br></div><div class="battle-history">jacksepticlie withdrew big steppa!<br></div><div class="battle-history">jacksepticlie sent out spinnus (<strong>Great Tusk</strong>)!<br></div><div class="spacer battle-history"><br></div><div class="battle-history">Arcanine used <strong>Head Smash</strong>!<br></div><div class="battle-history"><small>It's not very effective...</small><br></div><div class="battle-history"><small>A critical hit!</small><br></div><div class="battle-history"><small>(The opposing spinnus lost 19% of its health!)</small><br></div><div class="spacer battle-history"><br></div><h2 class="battle-history">Turn 14</h2><div class="spacer battle-history"><br></div><div class="battle-history">Arcanine, come back!<br></div><div class="battle-history">Go! <strong>Swellow</strong>!<br></div><div class="battle-history"><small>Pointed stones dug into Swellow!</small><br></div><div class="spacer battle-history"><br></div><div class="battle-history">The opposing spinnus used <strong>Close Combat</strong>!<br></div><div class="battle-history"><small>(Swellow lost 76% of its health!)</small><br></div><div class="battle-history"><small>The opposing spinnus's Defense fell!</small><br></div><div class="battle-history"><small>The opposing spinnus's Sp. Def fell!</small><br></div><div class="spacer battle-history"><br></div><div class="battle-history">Swellow fainted!<br></div><div class="spacer battle-history"><br></div><div class="battle-history">Go! <strong>Iron Valiant</strong>!<br></div><div class="battle-history"><small>Pointed stones dug into Iron Valiant!</small><br></div><div class="spacer battle-history"><br></div><h2 class="battle-history">Turn 15</h2><div class="spacer battle-history"><br></div><div class="battle-history">jacksepticlie withdrew spinnus!<br></div><div class="battle-history">jacksepticlie sent out ough (<strong>Muk</strong>)!<br></div><div class="spacer battle-history"><br></div><div class="battle-history">Iron Valiant used <strong>Moonblast</strong>!<br></div><div class="battle-history"><small>It's not very effective...</small><br></div><div class="battle-history"><small>A critical hit!</small><br></div><div class="battle-history"><small>(The opposing ough lost 28% of its health!)</small><br></div><div class="spacer battle-history"><br></div><h2 class="battle-history">Turn 16</h2><div class="spacer battle-history"><br></div><div class="battle-history">Iron Valiant used <strong>Psyshock</strong>!<br></div><div class="battle-history"><small>It's super effective!</small><br></div><div class="battle-history"><small>(The opposing ough ate its Payapa Berry!)</small><br></div><div class="battle-history"><small>The Payapa Berry weakened the damage to the opposing ough!</small><br></div><div class="battle-history"><small>(The opposing ough lost 30% of its health!)</small><br></div><div class="spacer battle-history"><br></div><div class="battle-history">The opposing ough used <strong>Toxic Spikes</strong>!<br></div><div class="battle-history"><small>Poison spikes were scattered on the ground all around your team!</small><br></div><div class="spacer battle-history"><br></div><h2 class="battle-history">Turn 17</h2><div class="spacer battle-history"><br></div><div class="battle-history">Iron Valiant used <strong>Psyshock</strong>!<br></div><div class="battle-history"><small>It's super effective!</small><br></div><div class="battle-history"><small>(The opposing ough lost 23% of its health!)</small><br></div><div class="spacer battle-history"><br></div><div class="battle-history">The opposing ough fainted!<br></div><div class="spacer battle-history"><br></div><div class="battle-history">jacksepticlie sent out bonko (<strong>Ogerpon-Hearthflame</strong>)!<br></div><div class="battle-history">[The opposing bonko's Mold Breaker]<br><small>The opposing bonko breaks the mold!</small><br></div><div class="spacer battle-history"><br></div><h2 class="battle-history">Turn 18</h2><div class="spacer battle-history"><br></div><div class="battle-history">Iron Valiant used <strong>Poison Jab</strong>!<br></div><div class="battle-history"><small>It's super effective!</small><br></div><div class="battle-history"><small>(The opposing bonko lost 53% of its health!)</small><br></div><div class="spacer battle-history"><br></div><div class="battle-history">The opposing bonko used <strong>Ivy Cudgel</strong>!<br></div><div class="battle-history"><small>(Iron Valiant lost 87% of its health!)</small><br></div><div class="spacer battle-history"><br></div><h2 class="battle-history">Turn 19</h2><div class="spacer battle-history"><br></div><div class="battle-history">Iron Valiant used <strong>Poison Jab</strong>!<br></div><div class="battle-history"><small>It's super effective!</small><br></div><div class="battle-history"><small>(The opposing bonko lost 47% of its health!)</small><br></div><div class="spacer battle-history"><br></div><div class="battle-history">The opposing bonko fainted!<br></div><div class="spacer battle-history"><br></div><div class="battle-history">jacksepticlie sent out spinnus (<strong>Great Tusk</strong>)!<br></div><div class="spacer battle-history"><br></div><h2 class="battle-history">Turn 20</h2><div class="spacer battle-history"><br></div><div class="battle-history">The opposing spinnus used <strong>Headlong Rush</strong>!<br></div><div class="battle-history"><small>(Iron Valiant lost 7% of its health!)</small><br></div><div class="battle-history"><small>The opposing spinnus's Defense fell!</small><br></div><div class="battle-history"><small>The opposing spinnus's Sp. Def fell!</small><br></div><div class="spacer battle-history"><br></div><div class="battle-history">Iron Valiant fainted!<br></div><div class="chat chatmessage-drjargo"><strong style="color:#ab9733"><small class="groupsymbol">☆</small><span class="username">DrJargo</span>:</strong> <em>no way you're scarf rapid spin</em></div><div class="chat chatmessage-jacksepticlie"><strong style="color:#10935a"><small class="groupsymbol">☆</small><span class="username">jacksepticlie</span>:</strong> <em>:)</em></div><div class="spacer battle-history"><br></div><div class="battle-history">Go! Arcanine (<strong>Arcanine-Hisui</strong>)!<br></div><div class="battle-history"><small>Pointed stones dug into Arcanine!</small><br></div><div class="battle-history"><small>Arcanine was poisoned!</small><br></div><div class="spacer battle-history"><br></div><h2 class="battle-history">Turn 21</h2><div class="spacer battle-history"><br></div><div class="battle-history">The opposing spinnus used <strong>Headlong Rush</strong>!<br></div><div class="battle-history"><small>It's super effective!</small><br></div><div class="battle-history"><small>(Arcanine lost 60% of its health!)</small><br></div><div class="battle-history"><small>The opposing spinnus's Defense fell!</small><br></div><div class="battle-history"><small>The opposing spinnus's Sp. Def fell!</small><br></div><div class="spacer battle-history"><br></div><div class="battle-history">Arcanine fainted!<br></div><div class="spacer battle-history"><br></div><div class="battle-history">Go! <strong>Zeraora</strong>!<br></div><div class="battle-history"><small>Pointed stones dug into Zeraora!</small><br></div><div class="battle-history"><small>Zeraora was poisoned!</small><br></div><div class="spacer battle-history"><br></div><h2 class="battle-history">Turn 22</h2><div class="spacer battle-history"><br></div><div class="battle-history">The opposing spinnus used <strong>Headlong Rush</strong>!<br></div><div class="battle-history"><small>It's super effective!</small><br></div><div class="battle-history"><small>(Zeraora lost 88% of its health!)</small><br></div><div class="battle-history"><small>The opposing spinnus's Defense fell!</small><br></div><div class="battle-history"><small>The opposing spinnus's Sp. Def fell!</small><br></div><div class="spacer battle-history"><br></div><div class="battle-history">Zeraora fainted!<br></div><div class="spacer battle-history"><br></div><div class="battle-history"><strong>jacksepticlie</strong> won the battle!<br></div><div class="chat"><small>☆DrJargo left</small></div></div><div class="inner-preempt message-log"></div></div></div>
</div>
<script>
let daily = Math.floor(Date.now()/1000/60/60/24);document.write('<script src="https://play.pokemonshowdown.com/js/replay-embed.js?version'+daily+'"></'+'script>');
</script>
