<!DOCTYPE html>
<meta charset="utf-8" />
<!-- version 1 -->
<title>[Gen 9] NatDex Draft replay: quirkyturtle vs. DiwanyaFae</title>
<style>
html,body {font-family:Verdana, sans-serif;font-size:10pt;margin:0;padding:0;}body{padding:12px 0;} .battle-log {font-family:Verdana, sans-serif;font-size:10pt;} .battle-log-inline {border:1px solid #AAAAAA;background:#EEF2F5;color:black;max-width:640px;margin:0 auto 80px;padding-bottom:5px;} .battle-log .inner {padding:4px 8px 0px 8px;} .battle-log .inner-preempt {padding:0 8px 4px 8px;} .battle-log .inner-after {margin-top:0.5em;} .battle-log h2 {margin:0.5em -8px;padding:4px 8px;border:1px solid #AAAAAA;background:#E0E7EA;border-left:0;border-right:0;font-family:Verdana, sans-serif;font-size:13pt;} .battle-log .chat {vertical-align:middle;padding:3px 0 3px 0;font-size:8pt;} .battle-log .chat strong {color:#40576A;} .battle-log .chat em {padding:1px 4px 1px 3px;color:#000000;font-style:normal;} .chat.mine {background:rgba(0,0,0,0.05);margin-left:-8px;margin-right:-8px;padding-left:8px;padding-right:8px;} .spoiler {color:#BBBBBB;background:#BBBBBB;padding:0px 3px;} .spoiler:hover, .spoiler:active, .spoiler-shown {color:#000000;background:#E2E2E2;padding:0px 3px;} .spoiler a {color:#BBBBBB;} .spoiler:hover a, .spoiler:active a, .spoiler-shown a {color:#2288CC;} .chat code, .chat .spoiler:hover code, .chat .spoiler:active code, .chat .spoiler-shown code {border:1px solid #C0C0C0;background:#EEEEEE;color:black;padding:0 2px;} .chat .spoiler code {border:1px solid #CCCCCC;background:#CCCCCC;color:#CCCCCC;} .battle-log .rated {padding:3px 4px;} .battle-log .rated strong {color:white;background:#89A;padding:1px 4px;border-radius:4px;} .spacer {margin-top:0.5em;} .message-announce {background:#6688AA;color:white;padding:1px 4px 2px;} .message-announce a, .broadcast-green a, .broadcast-blue a, .broadcast-red a {color:#DDEEFF;} .broadcast-green {background-color:#559955;color:white;padding:2px 4px;} .broadcast-blue {background-color:#6688AA;color:white;padding:2px 4px;} .infobox {border:1px solid #6688AA;padding:2px 4px;} .infobox-limited {max-height:200px;overflow:auto;overflow-x:hidden;} .broadcast-red {background-color:#AA5544;color:white;padding:2px 4px;} .message-learn-canlearn {font-weight:bold;color:#228822;text-decoration:underline;} .message-learn-cannotlearn {font-weight:bold;color:#CC2222;text-decoration:underline;} .message-effect-weak {font-weight:bold;color:#CC2222;} .message-effect-resist {font-weight:bold;color:#6688AA;} .message-effect-immune {font-weight:bold;color:#666666;} .message-learn-list {margin-top:0;margin-bottom:0;} .message-throttle-notice, .message-error {color:#992222;} .message-overflow, .chat small.message-overflow {font-size:0pt;} .message-overflow::before {font-size:9pt;content:'...';} .subtle {color:#3A4A66;}
</style>
<div class="wrapper replay-wrapper" style="max-width:1180px;margin:0 auto">
<input type="hidden" name="replayid" value="gen9natdexdraft-2356911398" />
<div class="battle"></div><div class="battle-log"></div><div class="replay-controls"></div><div class="replay-controls-2"></div>
<h1 style="font-weight:normal;text-align:center"><strong>[Gen 9] NatDex Draft</strong><br /><a href="http://pokemonshowdown.com/users/quirkyturtle" class="subtle" target="_blank">quirkyturtle</a> vs. <a href="http://pokemonshowdown.com/users/diwanyafae" class="subtle" target="_blank">DiwanyaFae</a></h1>
<script type="text/plain" class="battle-log-data">
|j|☆quirkyturtle
|j|☆DiwanyaFae
|t:|1746392636
|gametype|singles
|player|p1|quirkyturtle|roxie|
|player|p2|DiwanyaFae|furisodegirl-pink|
|teamsize|p1|6
|teamsize|p2|6
|gen|9
|tier|[Gen 9] NatDex Draft
|rule|Sleep Clause Mod: Limit one foe put to sleep
|rule|OHKO Clause: OHKO moves are banned
|rule|Evasion Clause: Evasion abilities, items, and moves are banned
|rule|Evasion Abilities Clause: Evasion abilities are banned
|rule|Evasion Items Clause: Evasion items are banned
|rule|Evasion Moves Clause: Evasion moves are banned
|rule|Endless Battle Clause: Forcing endless battles is banned
|rule|HP Percentage Mod: HP is shown in percentages
|clearpoke
|poke|p1|Rotom-Heat|
|poke|p1|Latias, F|
|poke|p1|Iron Treads|
|poke|p1|Orthworm, F|
|poke|p1|Tapu Lele|
|poke|p1|Gastrodon, M|
|poke|p2|Swampert, M|
|poke|p2|Sigilyph, M|
|poke|p2|Muk-Alola, M|
|poke|p2|Scizor, M|
|poke|p2|Skeledirge, M|
|poke|p2|Sylveon, M|
|teampreview
|c|☆DiwanyaFae|hiii gl hf
|c|☆quirkyturtle|hihi, glhf
|j| 3RR0R400
|
|t:|1746392713
|start
|switch|p1a: Gastrodon|Gastrodon, M|100\/100
|switch|p2a: Shady|Swampert, M|100\/100
|turn|1
|c|☆quirkyturtle|damn i forgot nicknames again
|c| 3RR0R400|smh, dq'ed
|
|t:|1746392816
|move|p2a: Shady|Knock Off|p1a: Gastrodon
|-damage|p1a: Gastrodon|62\/100
|-enditem|p1a: Gastrodon|Leftovers|[from] move: Knock Off|[of] p2a: Shady
|move|p1a: Gastrodon|Stone Edge|p2a: Shady
|-resisted|p2a: Shady
|-damage|p2a: Shady|92\/100
|
|upkeep
|turn|2
|
|t:|1746392827
|move|p2a: Shady|Earthquake|p1a: Gastrodon
|-damage|p1a: Gastrodon|7\/100
|move|p1a: Gastrodon|Recover|p1a: Gastrodon
|-heal|p1a: Gastrodon|57\/100
|
|upkeep
|turn|3
|
|t:|1746392889
|switch|p1a: Orthworm|Orthworm, F, shiny|100\/100
|move|p2a: Shady|Knock Off|p1a: Orthworm
|-damage|p1a: Orthworm|83\/100
|-enditem|p1a: Orthworm|Chesto Berry|[from] move: Knock Off|[of] p2a: Shady
|
|upkeep
|turn|4
|
|t:|1746392900
|move|p1a: Orthworm|Stealth Rock|p2a: Shady
|-sidestart|p2: DiwanyaFae|move: Stealth Rock
|move|p2a: Shady|Flip Turn|p1a: Orthworm
|-damage|p1a: Orthworm|66\/100
|
|t:|1746392913
|switch|p2a: Fatberg|Muk-Alola, M, shiny|100\/100|[from] Flip Turn
|-damage|p2a: Fatberg|88\/100|[from] Stealth Rock
|
|-heal|p2a: Fatberg|94\/100|[from] item: Black Sludge
|upkeep
|turn|5
|
|t:|1746392991
|switch|p1a: Iron Treads|Iron Treads|100\/100
|move|p2a: Fatberg|Drain Punch|p1a: Iron Treads
|-supereffective|p1a: Iron Treads
|-enditem|p1a: Iron Treads|Chople Berry|[eat]
|-enditem|p1a: Iron Treads|Chople Berry|[weaken]
|-damage|p1a: Iron Treads|83\/100
|-heal|p2a: Fatberg|100\/100|[from] drain|[of] p1a: Iron Treads
|
|upkeep
|turn|6
|
|t:|1746393019
|move|p1a: Iron Treads|Knock Off|p2a: Fatberg
|-resisted|p2a: Fatberg
|-damage|p2a: Fatberg|84\/100
|-enditem|p2a: Fatberg|Black Sludge|[from] move: Knock Off|[of] p1a: Iron Treads
|move|p2a: Fatberg|Pain Split|p1a: Iron Treads
|-sethp|p1a: Iron Treads|95\/100|[from] move: Pain Split|[silent]
|-sethp|p2a: Fatberg|74\/100|[from] move: Pain Split
|
|upkeep
|turn|7
|
|t:|1746393030
|move|p2a: Fatberg|Protect|p2a: Fatberg
|-singleturn|p2a: Fatberg|Protect
|move|p1a: Iron Treads|Earthquake|p2a: Fatberg
|-activate|p2a: Fatberg|move: Protect
|
|upkeep
|turn|8
|
|t:|1746393041
|switch|p2a: Shady|Swampert, M|92\/100
|-damage|p2a: Shady|86\/100|[from] Stealth Rock
|move|p1a: Iron Treads|Earthquake|p2a: Shady
|-damage|p2a: Shady|40\/100
|
|upkeep
|turn|9
|
|t:|1746393077
|switch|p2a: Draztek|Sigilyph, M, shiny|100\/100
|-damage|p2a: Draztek|76\/100|[from] Stealth Rock
|move|p1a: Iron Treads|Earthquake|p2a: Draztek
|-immune|p2a: Draztek
|
|upkeep
|turn|10
|
|t:|1746393113
|switch|p2a: Secateur|Scizor, M|100\/100
|-damage|p2a: Secateur|88\/100|[from] Stealth Rock
|move|p1a: Iron Treads|Stone Edge|p2a: Secateur
|-damage|p2a: Secateur|66\/100
|
|upkeep
|turn|11
|
|t:|1746393145
|detailschange|p2a: Secateur|Scizor-Mega, M
|-mega|p2a: Secateur|Scizor|Scizorite
|move|p1a: Iron Treads|Volt Switch|p2a: Secateur
|-damage|p2a: Secateur|53\/100
|
|t:|1746393153
|-end|p1a: Iron Treads|Quark Drive|[silent]
|switch|p1a: Tapu Lele|Tapu Lele|100\/100|[from] Volt Switch
|-fieldstart|move: Psychic Terrain|[from] ability: Psychic Surge|[of] p1a: Tapu Lele
|move|p2a: Secateur|Defog|p1a: Tapu Lele
|-unboost|p1a: Tapu Lele|evasion|1
|-sideend|p2: DiwanyaFae|Stealth Rock|[from] move: Defog|[of] p2a: Secateur
|-fieldend|move: Psychic Terrain
|
|upkeep
|turn|12
|
|t:|1746393169
|switch|p1a: Rotom|Rotom-Heat|100\/100
|move|p2a: Secateur|U-turn|p1a: Rotom
|-resisted|p1a: Rotom
|-damage|p1a: Rotom|84\/100
|
|t:|1746393174
|switch|p2a: Shady|Swampert, M|40\/100|[from] U-turn
|
|upkeep
|turn|13
|
|t:|1746393185
|move|p1a: Rotom|Will-O-Wisp|p2a: Shady
|-status|p2a: Shady|brn
|move|p2a: Shady|Flip Turn|p1a: Rotom
|-supereffective|p1a: Rotom
|-damage|p1a: Rotom|51\/100
|
|t:|1746393193
|switch|p2a: Fatberg|Muk-Alola, M, shiny|74\/100|[from] Flip Turn
|
|upkeep
|turn|14
|
|t:|1746393204
|move|p1a: Rotom|Will-O-Wisp|p2a: Fatberg
|-status|p2a: Fatberg|brn
|move|p2a: Fatberg|Knock Off|p1a: Rotom
|-crit|p1a: Rotom
|-damage|p1a: Rotom|24\/100
|-enditem|p1a: Rotom|Heavy-Duty Boots|[from] move: Knock Off|[of] p2a: Fatberg
|
|-damage|p2a: Fatberg|68\/100 brn|[from] brn
|upkeep
|turn|15
|
|t:|1746393214
|move|p1a: Rotom|Pain Split|p2a: Fatberg
|-sethp|p2a: Fatberg|43\/100 brn|[from] move: Pain Split|[silent]
|-sethp|p1a: Rotom|58\/100|[from] move: Pain Split
|move|p2a: Fatberg|Knock Off|p1a: Rotom
|-damage|p1a: Rotom|46\/100
|
|-damage|p2a: Fatberg|37\/100 brn|[from] brn
|upkeep
|turn|16
|
|t:|1746393230
|switch|p2a: Shady|Swampert, M|40\/100 brn
|move|p1a: Rotom|Volt Switch|p2a: Shady
|-immune|p2a: Shady
|
|-damage|p2a: Shady|34\/100 brn|[from] brn
|upkeep
|turn|17
|
|t:|1746393239
|move|p1a: Rotom|Hex|p2a: Shady
|-damage|p2a: Shady|8\/100 brn
|move|p2a: Shady|Flip Turn|p1a: Rotom
|-supereffective|p1a: Rotom
|-damage|p1a: Rotom|0 fnt
|faint|p1a: Rotom
|
|t:|1746393251
|switch|p2a: Ammoprano|Skeledirge, M, shiny|100\/100|[from] Flip Turn
|
|upkeep
|
|t:|1746393332
|switch|p1a: Tapu Lele|Tapu Lele|100\/100
|-fieldstart|move: Psychic Terrain|[from] ability: Psychic Surge|[of] p1a: Tapu Lele
|turn|18
|
|t:|1746393366
|switch|p2a: Fatberg|Muk-Alola, M, shiny|37\/100 brn
|move|p1a: Tapu Lele|Nature's Madness|p2a: Fatberg|[miss]
|-miss|p1a: Tapu Lele|p2a: Fatberg
|
|-damage|p2a: Fatberg|31\/100 brn|[from] brn
|upkeep
|turn|19
|
|t:|1746393374
|move|p1a: Tapu Lele|Moonblast|p2a: Fatberg
|-damage|p2a: Fatberg|0 fnt
|faint|p2a: Fatberg
|
|upkeep
|
|t:|1746393382
|switch|p2a: Draztek|Sigilyph, M, shiny|76\/100
|turn|20
|
|t:|1746393418
|-terastallize|p2a: Draztek|Psychic
|move|p2a: Draztek|Expanding Force|p1a: Tapu Lele
|-resisted|p1a: Tapu Lele
|-damage|p1a: Tapu Lele|0 fnt
|faint|p1a: Tapu Lele
|
|upkeep
|c|☆quirkyturtle|damnnnnn nice one
|
|t:|1746393440
|switch|p1a: Iron Treads|Iron Treads|95\/100
|turn|21
|
|t:|1746393457
|move|p2a: Draztek|Expanding Force|p1a: Iron Treads
|-resisted|p1a: Iron Treads
|-damage|p1a: Iron Treads|0 fnt
|faint|p1a: Iron Treads
|-end|p1a: Iron Treads|Quark Drive|[silent]
|
|upkeep
|
|t:|1746393622
|switch|p1a: Latias|Latias, F|100\/100
|turn|22
|
|t:|1746393668
|switch|p2a: Sparkly|Sylveon, M|100\/100
|move|p1a: Latias|Draco Meteor|p2a: Sparkly
|-immune|p2a: Sparkly
|
|upkeep
|turn|23
|
|t:|1746393692
|switch|p1a: Gastrodon|Gastrodon, M|57\/100
|move|p2a: Sparkly|Hyper Voice|p1a: Gastrodon
|-damage|p1a: Gastrodon|32\/100
|
|upkeep
|turn|24
|
|t:|1746393705
|move|p2a: Sparkly|Hyper Voice|p1a: Gastrodon
|-damage|p1a: Gastrodon|4\/100
|move|p1a: Gastrodon|Recover|p1a: Gastrodon
|-heal|p1a: Gastrodon|54\/100
|
|upkeep
|turn|25
|
|t:|1746393725
|move|p2a: Sparkly|Hyper Voice|p1a: Gastrodon
|-damage|p1a: Gastrodon|27\/100
|move|p1a: Gastrodon|Recover|p1a: Gastrodon
|-heal|p1a: Gastrodon|77\/100
|
|-fieldend|move: Psychic Terrain
|upkeep
|turn|26
|
|t:|1746393734
|move|p2a: Sparkly|Hyper Voice|p1a: Gastrodon
|-crit|p1a: Gastrodon
|-damage|p1a: Gastrodon|37\/100
|move|p1a: Gastrodon|Stealth Rock|p2a: Sparkly
|-sidestart|p2: DiwanyaFae|move: Stealth Rock
|
|upkeep
|turn|27
|
|t:|1746393763
|move|p2a: Sparkly|Hyper Voice|p1a: Gastrodon
|-damage|p1a: Gastrodon|13\/100
|move|p1a: Gastrodon|Recover|p1a: Gastrodon
|-heal|p1a: Gastrodon|63\/100
|
|upkeep
|turn|28
|
|t:|1746393767
|move|p2a: Sparkly|Hyper Voice|p1a: Gastrodon
|-damage|p1a: Gastrodon|35\/100
|move|p1a: Gastrodon|Recover|p1a: Gastrodon
|-heal|p1a: Gastrodon|85\/100
|
|upkeep
|turn|29
|
|t:|1746393774
|move|p2a: Sparkly|Hyper Voice|p1a: Gastrodon
|-damage|p1a: Gastrodon|58\/100
|move|p1a: Gastrodon|Earthquake|p2a: Sparkly
|-damage|p2a: Sparkly|77\/100
|
|-heal|p2a: Sparkly|83\/100|[from] item: Leftovers
|upkeep
|turn|30
|
|t:|1746393789
|move|p2a: Sparkly|Hyper Voice|p1a: Gastrodon
|-damage|p1a: Gastrodon|32\/100
|move|p1a: Gastrodon|Recover|p1a: Gastrodon
|-heal|p1a: Gastrodon|82\/100
|
|-heal|p2a: Sparkly|89\/100|[from] item: Leftovers
|upkeep
|turn|31
|
|t:|1746393791
|move|p2a: Sparkly|Wish|p2a: Sparkly
|move|p1a: Gastrodon|Earthquake|p2a: Sparkly
|-damage|p2a: Sparkly|65\/100
|
|-heal|p2a: Sparkly|71\/100|[from] item: Leftovers
|upkeep
|turn|32
|
|t:|1746393801
|move|p2a: Sparkly|Hyper Voice|p1a: Gastrodon
|-damage|p1a: Gastrodon|57\/100
|move|p1a: Gastrodon|Earthquake|p2a: Sparkly
|-crit|p2a: Sparkly
|-damage|p2a: Sparkly|32\/100
|
|-heal|p2a: Sparkly|81\/100|[from] move: Wish|[wisher] Sparkly
|-heal|p2a: Sparkly|88\/100|[from] item: Leftovers
|upkeep
|turn|33
|
|t:|1746393816
|move|p2a: Sparkly|Wish|p2a: Sparkly
|move|p1a: Gastrodon|Earthquake|p2a: Sparkly
|-damage|p2a: Sparkly|65\/100
|
|-heal|p2a: Sparkly|71\/100|[from] item: Leftovers
|upkeep
|turn|34
|
|t:|1746393826
|move|p2a: Sparkly|Hyper Voice|p1a: Gastrodon
|-damage|p1a: Gastrodon|31\/100
|move|p1a: Gastrodon|Recover|p1a: Gastrodon
|-heal|p1a: Gastrodon|81\/100
|
|-heal|p2a: Sparkly|100\/100|[from] move: Wish|[wisher] Sparkly
|upkeep
|turn|35
|
|t:|1746393830
|move|p2a: Sparkly|Hyper Voice|p1a: Gastrodon
|-damage|p1a: Gastrodon|55\/100
|move|p1a: Gastrodon|Earthquake|p2a: Sparkly
|-damage|p2a: Sparkly|78\/100
|
|-heal|p2a: Sparkly|84\/100|[from] item: Leftovers
|upkeep
|turn|36
|
|t:|1746393841
|move|p2a: Sparkly|Wish|p2a: Sparkly
|move|p1a: Gastrodon|Earthquake|p2a: Sparkly
|-damage|p2a: Sparkly|61\/100
|
|-heal|p2a: Sparkly|67\/100|[from] item: Leftovers
|upkeep
|turn|37
|
|t:|1746393847
|move|p2a: Sparkly|Hyper Voice|p1a: Gastrodon
|-damage|p1a: Gastrodon|26\/100
|move|p1a: Gastrodon|Recover|p1a: Gastrodon
|-heal|p1a: Gastrodon|76\/100
|
|-heal|p2a: Sparkly|100\/100|[from] move: Wish|[wisher] Sparkly
|upkeep
|turn|38
|
|t:|1746393858
|move|p2a: Sparkly|Hyper Voice|p1a: Gastrodon
|-damage|p1a: Gastrodon|49\/100
|move|p1a: Gastrodon|Earthquake|p2a: Sparkly
|-damage|p2a: Sparkly|75\/100
|
|-heal|p2a: Sparkly|81\/100|[from] item: Leftovers
|upkeep
|turn|39
|
|t:|1746393869
|switch|p2a: Shady|Swampert, M|8\/100 brn
|-damage|p2a: Shady|1\/100 brn|[from] Stealth Rock
|move|p1a: Gastrodon|Earthquake|p2a: Shady
|-damage|p2a: Shady|0 fnt
|faint|p2a: Shady
|
|upkeep
|
|t:|1746393874
|switch|p2a: Draztek|Sigilyph, M, shiny, tera:Psychic|76\/100
|-damage|p2a: Draztek|63\/100|[from] Stealth Rock
|turn|40
|
|t:|1746393934
|switch|p1a: Orthworm|Orthworm, F, shiny|66\/100
|move|p2a: Draztek|Psychic|p1a: Orthworm
|-resisted|p1a: Orthworm
|-damage|p1a: Orthworm|0 fnt
|faint|p1a: Orthworm
|
|upkeep
|
|t:|1746393944
|switch|p1a: Latias|Latias, F|100\/100
|turn|41
|
|t:|1746394018
|switch|p2a: Sparkly|Sylveon, M|81\/100
|-damage|p2a: Sparkly|69\/100|[from] Stealth Rock
|move|p1a: Latias|Draco Meteor|p2a: Sparkly
|-immune|p2a: Sparkly
|
|-heal|p2a: Sparkly|75\/100|[from] item: Leftovers
|upkeep
|turn|42
|
|t:|1746394025
|switch|p1a: Gastrodon|Gastrodon, M|49\/100
|move|p2a: Sparkly|Hyper Voice|p1a: Gastrodon
|-damage|p1a: Gastrodon|22\/100
|
|-heal|p2a: Sparkly|81\/100|[from] item: Leftovers
|upkeep
|turn|43
|
|t:|1746394054
|move|p2a: Sparkly|Hyper Voice|p1a: Gastrodon
|-damage|p1a: Gastrodon|0 fnt
|faint|p1a: Gastrodon
|
|-heal|p2a: Sparkly|87\/100|[from] item: Leftovers
|upkeep
|
|t:|1746394057
|switch|p1a: Latias|Latias, F|100\/100
|turn|44
|
|t:|1746394065
|move|p1a: Latias|Mist Ball|p2a: Sparkly
|-damage|p2a: Sparkly|50\/100
|move|p2a: Sparkly|Hyper Voice|p1a: Latias
|-supereffective|p1a: Latias
|-damage|p1a: Latias|27\/100
|
|-heal|p2a: Sparkly|56\/100|[from] item: Leftovers
|upkeep
|turn|45
|c|☆quirkyturtle|gg
|
|t:|1746394082
|switch|p2a: Draztek|Sigilyph, M, shiny, tera:Psychic|63\/100
|-damage|p2a: Draztek|51\/100|[from] Stealth Rock
|move|p1a: Latias|Mist Ball|p2a: Draztek
|-resisted|p2a: Draztek
|-damage|p2a: Draztek|16\/100
|-unboost|p2a: Draztek|spa|1
|
|upkeep
|turn|46
|
|t:|1746394125
|move|p2a: Draztek|Psychic|p1a: Latias
|-resisted|p1a: Latias
|-damage|p1a: Latias|0 fnt
|faint|p1a: Latias
|
|win|DiwanyaFae
|c|☆DiwanyaFae|gg wp!

</script>
</div>
<div class="battle-log battle-log-inline"><div class="inner"><div class="battle-options"></div><div class="inner message-log"><div class="chat"><small>☆quirkyturtle and ☆DiwanyaFae joined</small></div><div class=""><small>Format:</small> <br><strong>[Gen 9] NatDex Draft</strong></div><div class=""><small><em>Sleep Clause Mod:</em> Limit one foe put to sleep</small></div><div class=""><small><em>OHKO Clause:</em> OHKO moves are banned</small></div><div class=""><small><em>Evasion Clause:</em> Evasion abilities, items, and moves are banned</small></div><div class=""><small><em>Evasion Abilities Clause:</em> Evasion abilities are banned</small></div><div class=""><small><em>Evasion Items Clause:</em> Evasion items are banned</small></div><div class=""><small><em>Evasion Moves Clause:</em> Evasion moves are banned</small></div><div class=""><small><em>Endless Battle Clause:</em> Forcing endless battles is banned</small></div><div class=""><small><em>HP Percentage Mod:</em> HP is shown in percentages</small></div><div class="chat battle-history"><strong>quirkyturtle's team:</strong> <em style="color:#445566;display:block;">Rotom-Heat / Latias / Iron Treads / Orthworm / Tapu Lele / Gastrodon</em></div><div class="chat battle-history"><strong>DiwanyaFae's team:</strong> <em style="color:#445566;display:block;">Swampert / Sigilyph / Muk-Alola / Scizor / Skeledirge / Sylveon</em></div><div class="chat chatmessage-diwanyafae"><strong style="color:#b76938"><small class="groupsymbol">☆</small><span class="username">DiwanyaFae</span>:</strong> <em>hiii gl hf</em></div><div class="chat chatmessage-quirkyturtle"><strong style="color:#39a931"><small class="groupsymbol">☆</small><span class="username">quirkyturtle</span>:</strong> <em>hihi, glhf</em></div><div class="chat"><small> 3RR0R400 joined</small></div><div class="spacer battle-history"><br></div><div class="battle-history">Battle started between quirkyturtle and DiwanyaFae!<br></div><div class="spacer battle-history"><br></div><div class="battle-history">Go! <strong>Gastrodon</strong>!<br></div><div class="spacer battle-history"><br></div><div class="battle-history">DiwanyaFae sent out Shady (<strong>Swampert</strong>)!<br></div><div class="spacer battle-history"><br></div><h2 class="battle-history">Turn 1</h2><div class="chat chatmessage-quirkyturtle"><strong style="color:#39a931"><small class="groupsymbol">☆</small><span class="username">quirkyturtle</span>:</strong> <em>damn i forgot nicknames again</em></div><div class="chat chatmessage-3rr0r400"><strong style="color:#ba5b4a"><small class="groupsymbol"> </small><span class="username">3RR0R400</span>:</strong> <em>smh, dq'ed</em></div><div class="spacer battle-history"><br></div><div class="battle-history">The opposing Shady used <strong>Knock Off</strong>!<br></div><div class="battle-history"><small>(Gastrodon lost 38% of its health!)</small><br></div><div class="battle-history"><small>The opposing Shady knocked off Gastrodon's Leftovers!</small><br></div><div class="spacer battle-history"><br></div><div class="battle-history">Gastrodon used <strong>Stone Edge</strong>!<br></div><div class="battle-history"><small>It's not very effective...</small><br></div><div class="battle-history"><small>(The opposing Shady lost 8% of its health!)</small><br></div><div class="spacer battle-history"><br></div><h2 class="battle-history">Turn 2</h2><div class="spacer battle-history"><br></div><div class="battle-history">The opposing Shady used <strong>Earthquake</strong>!<br></div><div class="battle-history"><small>(Gastrodon lost 55% of its health!)</small><br></div><div class="spacer battle-history"><br></div><div class="battle-history">Gastrodon used <strong>Recover</strong>!<br></div><div class="battle-history"><small>Gastrodon had its HP restored.</small><br></div><div class="spacer battle-history"><br></div><h2 class="battle-history">Turn 3</h2><div class="spacer battle-history"><br></div><div class="battle-history">Gastrodon, come back!<br></div><div class="battle-history">Go! <strong>Orthworm</strong>!<br></div><div class="spacer battle-history"><br></div><div class="battle-history">The opposing Shady used <strong>Knock Off</strong>!<br></div><div class="battle-history"><small>(Orthworm lost 17% of its health!)</small><br></div><div class="battle-history"><small>The opposing Shady knocked off Orthworm's Chesto Berry!</small><br></div><div class="spacer battle-history"><br></div><h2 class="battle-history">Turn 4</h2><div class="spacer battle-history"><br></div><div class="battle-history">Orthworm used <strong>Stealth Rock</strong>!<br></div><div class="battle-history"><small>Pointed stones float in the air around the opposing team!</small><br></div><div class="spacer battle-history"><br></div><div class="battle-history">The opposing Shady used <strong>Flip Turn</strong>!<br></div><div class="battle-history"><small>(Orthworm lost 17% of its health!)</small><br></div><div class="spacer battle-history"><br></div><div class="battle-history">The opposing Shady went back to DiwanyaFae!<br></div><div class="battle-history">DiwanyaFae sent out Fatberg (<strong>Muk-Alola</strong>)!<br></div><div class="battle-history"><small>Pointed stones dug into the opposing Fatberg!</small><br></div><div class="spacer battle-history"><br></div><div class="battle-history"><small>The opposing Fatberg restored a little HP using its Black Sludge!</small><br></div><div class="spacer battle-history"><br></div><h2 class="battle-history">Turn 5</h2><div class="spacer battle-history"><br></div><div class="battle-history">Orthworm, come back!<br></div><div class="battle-history">Go! <strong>Iron Treads</strong>!<br></div><div class="spacer battle-history"><br></div><div class="battle-history">The opposing Fatberg used <strong>Drain Punch</strong>!<br></div><div class="battle-history"><small>It's super effective!</small><br></div><div class="battle-history"><small>(Iron Treads ate its Chople Berry!)</small><br></div><div class="battle-history"><small>The Chople Berry weakened the damage to Iron Treads!</small><br></div><div class="battle-history"><small>(Iron Treads lost 17% of its health!)</small><br></div><div class="battle-history"><small>Iron Treads had its energy drained!</small><br></div><div class="spacer battle-history"><br></div><h2 class="battle-history">Turn 6</h2><div class="spacer battle-history"><br></div><div class="battle-history">Iron Treads used <strong>Knock Off</strong>!<br></div><div class="battle-history"><small>It's not very effective...</small><br></div><div class="battle-history"><small>(The opposing Fatberg lost 16% of its health!)</small><br></div><div class="battle-history"><small>Iron Treads knocked off the opposing Fatberg's Black Sludge!</small><br></div><div class="spacer battle-history"><br></div><div class="battle-history">The opposing Fatberg used <strong>Pain Split</strong>!<br></div><div class="battle-history"><small>The battlers shared their pain!</small><br></div><div class="spacer battle-history"><br></div><h2 class="battle-history">Turn 7</h2><div class="spacer battle-history"><br></div><div class="battle-history">The opposing Fatberg used <strong>Protect</strong>!<br></div><div class="battle-history"><small>The opposing Fatberg protected itself!</small><br></div><div class="spacer battle-history"><br></div><div class="battle-history">Iron Treads used <strong>Earthquake</strong>!<br></div><div class="battle-history"><small>The opposing Fatberg protected itself!</small><br></div><div class="spacer battle-history"><br></div><h2 class="battle-history">Turn 8</h2><div class="spacer battle-history"><br></div><div class="battle-history">DiwanyaFae withdrew Fatberg!<br></div><div class="battle-history">DiwanyaFae sent out Shady (<strong>Swampert</strong>)!<br></div><div class="battle-history"><small>Pointed stones dug into the opposing Shady!</small><br></div><div class="spacer battle-history"><br></div><div class="battle-history">Iron Treads used <strong>Earthquake</strong>!<br></div><div class="battle-history"><small>(The opposing Shady lost 46% of its health!)</small><br></div><div class="spacer battle-history"><br></div><h2 class="battle-history">Turn 9</h2><div class="spacer battle-history"><br></div><div class="battle-history">DiwanyaFae withdrew Shady!<br></div><div class="battle-history">DiwanyaFae sent out Draztek (<strong>Sigilyph</strong>)!<br></div><div class="battle-history"><small>Pointed stones dug into the opposing Draztek!</small><br></div><div class="spacer battle-history"><br></div><div class="battle-history">Iron Treads used <strong>Earthquake</strong>!<br></div><div class="battle-history"><small>It doesn't affect the opposing Draztek...</small><br></div><div class="spacer battle-history"><br></div><h2 class="battle-history">Turn 10</h2><div class="spacer battle-history"><br></div><div class="battle-history">DiwanyaFae withdrew Draztek!<br></div><div class="battle-history">DiwanyaFae sent out Secateur (<strong>Scizor</strong>)!<br></div><div class="battle-history"><small>Pointed stones dug into the opposing Secateur!</small><br></div><div class="spacer battle-history"><br></div><div class="battle-history">Iron Treads used <strong>Stone Edge</strong>!<br></div><div class="battle-history"><small>(The opposing Secateur lost 22% of its health!)</small><br></div><div class="spacer battle-history"><br></div><h2 class="battle-history">Turn 11</h2><div class="spacer battle-history"><br></div><div class="battle-history"><small>The opposing Secateur's Scizorite is reacting to the Key Stone!</small><br>The opposing Secateur has Mega Evolved into Mega Scizor!<br></div><div class="spacer battle-history"><br></div><div class="battle-history">Iron Treads used <strong>Volt Switch</strong>!<br></div><div class="battle-history"><small>(The opposing Secateur lost 13% of its health!)</small><br></div><div class="spacer battle-history"><br></div><div class="battle-history">Iron Treads went back to quirkyturtle!<br></div><div class="battle-history">Go! <strong>Tapu Lele</strong>!<br></div><div class="battle-history">[Tapu Lele's Psychic Surge]<br><small>The battlefield got weird!</small><br></div><div class="spacer battle-history"><br></div><div class="battle-history">The opposing Secateur used <strong>Defog</strong>!<br></div><div class="battle-history"><small>Tapu Lele's evasiveness fell!</small><br></div><div class="battle-history"><small>The pointed stones disappeared from around the opposing team!</small><br></div><div class="battle-history"><small>The weirdness disappeared from the battlefield!</small><br></div><div class="spacer battle-history"><br></div><h2 class="battle-history">Turn 12</h2><div class="spacer battle-history"><br></div><div class="battle-history">Tapu Lele, come back!<br></div><div class="battle-history">Go! Rotom (<strong>Rotom-Heat</strong>)!<br></div><div class="spacer battle-history"><br></div><div class="battle-history">The opposing Secateur used <strong>U-turn</strong>!<br></div><div class="battle-history"><small>It's not very effective...</small><br></div><div class="battle-history"><small>(Rotom lost 16% of its health!)</small><br></div><div class="spacer battle-history"><br></div><div class="battle-history">The opposing Secateur went back to DiwanyaFae!<br></div><div class="battle-history">DiwanyaFae sent out Shady (<strong>Swampert</strong>)!<br></div><div class="spacer battle-history"><br></div><h2 class="battle-history">Turn 13</h2><div class="spacer battle-history"><br></div><div class="battle-history">Rotom used <strong>Will-O-Wisp</strong>!<br></div><div class="battle-history"><small>The opposing Shady was burned!</small><br></div><div class="spacer battle-history"><br></div><div class="battle-history">The opposing Shady used <strong>Flip Turn</strong>!<br></div><div class="battle-history"><small>It's super effective!</small><br></div><div class="battle-history"><small>(Rotom lost 33% of its health!)</small><br></div><div class="spacer battle-history"><br></div><div class="battle-history">The opposing Shady went back to DiwanyaFae!<br></div><div class="battle-history">DiwanyaFae sent out Fatberg (<strong>Muk-Alola</strong>)!<br></div><div class="spacer battle-history"><br></div><h2 class="battle-history">Turn 14</h2><div class="spacer battle-history"><br></div><div class="battle-history">Rotom used <strong>Will-O-Wisp</strong>!<br></div><div class="battle-history"><small>The opposing Fatberg was burned!</small><br></div><div class="spacer battle-history"><br></div><div class="battle-history">The opposing Fatberg used <strong>Knock Off</strong>!<br></div><div class="battle-history"><small>A critical hit!</small><br></div><div class="battle-history"><small>(Rotom lost 27% of its health!)</small><br></div><div class="battle-history"><small>The opposing Fatberg knocked off Rotom's Heavy-Duty Boots!</small><br></div><div class="spacer battle-history"><br></div><div class="battle-history"><small>The opposing Fatberg was hurt by its burn!</small><br></div><div class="spacer battle-history"><br></div><h2 class="battle-history">Turn 15</h2><div class="spacer battle-history"><br></div><div class="battle-history">Rotom used <strong>Pain Split</strong>!<br></div><div class="battle-history"><small>The battlers shared their pain!</small><br></div><div class="spacer battle-history"><br></div><div class="battle-history">The opposing Fatberg used <strong>Knock Off</strong>!<br></div><div class="battle-history"><small>(Rotom lost 12% of its health!)</small><br></div><div class="spacer battle-history"><br></div><div class="battle-history"><small>The opposing Fatberg was hurt by its burn!</small><br></div><div class="spacer battle-history"><br></div><h2 class="battle-history">Turn 16</h2><div class="spacer battle-history"><br></div><div class="battle-history">DiwanyaFae withdrew Fatberg!<br></div><div class="battle-history">DiwanyaFae sent out Shady (<strong>Swampert</strong>)!<br></div><div class="spacer battle-history"><br></div><div class="battle-history">Rotom used <strong>Volt Switch</strong>!<br></div><div class="battle-history"><small>It doesn't affect the opposing Shady...</small><br></div><div class="spacer battle-history"><br></div><div class="battle-history"><small>The opposing Shady was hurt by its burn!</small><br></div><div class="spacer battle-history"><br></div><h2 class="battle-history">Turn 17</h2><div class="spacer battle-history"><br></div><div class="battle-history">Rotom used <strong>Hex</strong>!<br></div><div class="battle-history"><small>(The opposing Shady lost 26% of its health!)</small><br></div><div class="spacer battle-history"><br></div><div class="battle-history">The opposing Shady used <strong>Flip Turn</strong>!<br></div><div class="battle-history"><small>It's super effective!</small><br></div><div class="battle-history"><small>(Rotom lost 46% of its health!)</small><br></div><div class="spacer battle-history"><br></div><div class="battle-history">Rotom fainted!<br></div><div class="spacer battle-history"><br></div><div class="battle-history">The opposing Shady went back to DiwanyaFae!<br></div><div class="battle-history">DiwanyaFae sent out Ammoprano (<strong>Skeledirge</strong>)!<br></div><div class="spacer battle-history"><br></div><div class="battle-history">Go! <strong>Tapu Lele</strong>!<br></div><div class="battle-history">[Tapu Lele's Psychic Surge]<br><small>The battlefield got weird!</small><br></div><div class="spacer battle-history"><br></div><h2 class="battle-history">Turn 18</h2><div class="spacer battle-history"><br></div><div class="battle-history">DiwanyaFae withdrew Ammoprano!<br></div><div class="battle-history">DiwanyaFae sent out Fatberg (<strong>Muk-Alola</strong>)!<br></div><div class="spacer battle-history"><br></div><div class="battle-history">Tapu Lele used <strong>Nature's Madness</strong>!<br></div><div class="battle-history"><small>The opposing Fatberg avoided the attack!</small><br></div><div class="spacer battle-history"><br></div><div class="battle-history"><small>The opposing Fatberg was hurt by its burn!</small><br></div><div class="spacer battle-history"><br></div><h2 class="battle-history">Turn 19</h2><div class="spacer battle-history"><br></div><div class="battle-history">Tapu Lele used <strong>Moonblast</strong>!<br></div><div class="battle-history"><small>(The opposing Fatberg lost 31% of its health!)</small><br></div><div class="spacer battle-history"><br></div><div class="battle-history">The opposing Fatberg fainted!<br></div><div class="spacer battle-history"><br></div><div class="battle-history">DiwanyaFae sent out Draztek (<strong>Sigilyph</strong>)!<br></div><div class="spacer battle-history"><br></div><h2 class="battle-history">Turn 20</h2><div class="spacer battle-history"><br></div><div class="battle-history"><small>The opposing Draztek has Terastallized into the Psychic-type!</small><br></div><div class="spacer battle-history"><br></div><div class="battle-history">The opposing Draztek used <strong>Expanding Force</strong>!<br></div><div class="battle-history"><small>It's not very effective...</small><br></div><div class="battle-history"><small>(Tapu Lele lost 100% of its health!)</small><br></div><div class="spacer battle-history"><br></div><div class="battle-history">Tapu Lele fainted!<br></div><div class="chat chatmessage-quirkyturtle"><strong style="color:#39a931"><small class="groupsymbol">☆</small><span class="username">quirkyturtle</span>:</strong> <em>damnnnnn nice one</em></div><div class="spacer battle-history"><br></div><div class="battle-history">Go! <strong>Iron Treads</strong>!<br></div><div class="spacer battle-history"><br></div><h2 class="battle-history">Turn 21</h2><div class="spacer battle-history"><br></div><div class="battle-history">The opposing Draztek used <strong>Expanding Force</strong>!<br></div><div class="battle-history"><small>It's not very effective...</small><br></div><div class="battle-history"><small>(Iron Treads lost 95% of its health!)</small><br></div><div class="spacer battle-history"><br></div><div class="battle-history">Iron Treads fainted!<br></div><div class="spacer battle-history"><br></div><div class="battle-history">Go! <strong>Latias</strong>!<br></div><div class="spacer battle-history"><br></div><h2 class="battle-history">Turn 22</h2><div class="spacer battle-history"><br></div><div class="battle-history">DiwanyaFae withdrew Draztek!<br></div><div class="battle-history">DiwanyaFae sent out Sparkly (<strong>Sylveon</strong>)!<br></div><div class="spacer battle-history"><br></div><div class="battle-history">Latias used <strong>Draco Meteor</strong>!<br></div><div class="battle-history"><small>It doesn't affect the opposing Sparkly...</small><br></div><div class="spacer battle-history"><br></div><h2 class="battle-history">Turn 23</h2><div class="spacer battle-history"><br></div><div class="battle-history">Latias, come back!<br></div><div class="battle-history">Go! <strong>Gastrodon</strong>!<br></div><div class="spacer battle-history"><br></div><div class="battle-history">The opposing Sparkly used <strong>Hyper Voice</strong>!<br></div><div class="battle-history"><small>(Gastrodon lost 25% of its health!)</small><br></div><div class="spacer battle-history"><br></div><h2 class="battle-history">Turn 24</h2><div class="spacer battle-history"><br></div><div class="battle-history">The opposing Sparkly used <strong>Hyper Voice</strong>!<br></div><div class="battle-history"><small>(Gastrodon lost 28% of its health!)</small><br></div><div class="spacer battle-history"><br></div><div class="battle-history">Gastrodon used <strong>Recover</strong>!<br></div><div class="battle-history"><small>Gastrodon had its HP restored.</small><br></div><div class="spacer battle-history"><br></div><h2 class="battle-history">Turn 25</h2><div class="spacer battle-history"><br></div><div class="battle-history">The opposing Sparkly used <strong>Hyper Voice</strong>!<br></div><div class="battle-history"><small>(Gastrodon lost 27% of its health!)</small><br></div><div class="spacer battle-history"><br></div><div class="battle-history">Gastrodon used <strong>Recover</strong>!<br></div><div class="battle-history"><small>Gastrodon had its HP restored.</small><br></div><div class="spacer battle-history"><br></div><div class="battle-history"><small>The weirdness disappeared from the battlefield!</small><br></div><div class="spacer battle-history"><br></div><h2 class="battle-history">Turn 26</h2><div class="spacer battle-history"><br></div><div class="battle-history">The opposing Sparkly used <strong>Hyper Voice</strong>!<br></div><div class="battle-history"><small>A critical hit!</small><br></div><div class="battle-history"><small>(Gastrodon lost 40% of its health!)</small><br></div><div class="spacer battle-history"><br></div><div class="battle-history">Gastrodon used <strong>Stealth Rock</strong>!<br></div><div class="battle-history"><small>Pointed stones float in the air around the opposing team!</small><br></div><div class="spacer battle-history"><br></div><h2 class="battle-history">Turn 27</h2><div class="spacer battle-history"><br></div><div class="battle-history">The opposing Sparkly used <strong>Hyper Voice</strong>!<br></div><div class="battle-history"><small>(Gastrodon lost 24% of its health!)</small><br></div><div class="spacer battle-history"><br></div><div class="battle-history">Gastrodon used <strong>Recover</strong>!<br></div><div class="battle-history"><small>Gastrodon had its HP restored.</small><br></div><div class="spacer battle-history"><br></div><h2 class="battle-history">Turn 28</h2><div class="spacer battle-history"><br></div><div class="battle-history">The opposing Sparkly used <strong>Hyper Voice</strong>!<br></div><div class="battle-history"><small>(Gastrodon lost 28% of its health!)</small><br></div><div class="spacer battle-history"><br></div><div class="battle-history">Gastrodon used <strong>Recover</strong>!<br></div><div class="battle-history"><small>Gastrodon had its HP restored.</small><br></div><div class="spacer battle-history"><br></div><h2 class="battle-history">Turn 29</h2><div class="spacer battle-history"><br></div><div class="battle-history">The opposing Sparkly used <strong>Hyper Voice</strong>!<br></div><div class="battle-history"><small>(Gastrodon lost 27% of its health!)</small><br></div><div class="spacer battle-history"><br></div><div class="battle-history">Gastrodon used <strong>Earthquake</strong>!<br></div><div class="battle-history"><small>(The opposing Sparkly lost 23% of its health!)</small><br></div><div class="spacer battle-history"><br></div><div class="battle-history"><small>The opposing Sparkly restored a little HP using its Leftovers!</small><br></div><div class="spacer battle-history"><br></div><h2 class="battle-history">Turn 30</h2><div class="spacer battle-history"><br></div><div class="battle-history">The opposing Sparkly used <strong>Hyper Voice</strong>!<br></div><div class="battle-history"><small>(Gastrodon lost 26% of its health!)</small><br></div><div class="spacer battle-history"><br></div><div class="battle-history">Gastrodon used <strong>Recover</strong>!<br></div><div class="battle-history"><small>Gastrodon had its HP restored.</small><br></div><div class="spacer battle-history"><br></div><div class="battle-history"><small>The opposing Sparkly restored a little HP using its Leftovers!</small><br></div><div class="spacer battle-history"><br></div><h2 class="battle-history">Turn 31</h2><div class="spacer battle-history"><br></div><div class="battle-history">The opposing Sparkly used <strong>Wish</strong>!<br></div><div class="spacer battle-history"><br></div><div class="battle-history">Gastrodon used <strong>Earthquake</strong>!<br></div><div class="battle-history"><small>(The opposing Sparkly lost 24% of its health!)</small><br></div><div class="spacer battle-history"><br></div><div class="battle-history"><small>The opposing Sparkly restored a little HP using its Leftovers!</small><br></div><div class="spacer battle-history"><br></div><h2 class="battle-history">Turn 32</h2><div class="spacer battle-history"><br></div><div class="battle-history">The opposing Sparkly used <strong>Hyper Voice</strong>!<br></div><div class="battle-history"><small>(Gastrodon lost 25% of its health!)</small><br></div><div class="spacer battle-history"><br></div><div class="battle-history">Gastrodon used <strong>Earthquake</strong>!<br></div><div class="battle-history"><small>A critical hit!</small><br></div><div class="battle-history"><small>(The opposing Sparkly lost 39% of its health!)</small><br></div><div class="spacer battle-history"><br></div><div class="battle-history"><small>Sparkly's wish came true!</small><br></div><div class="battle-history"><small>The opposing Sparkly restored a little HP using its Leftovers!</small><br></div><div class="spacer battle-history"><br></div><h2 class="battle-history">Turn 33</h2><div class="spacer battle-history"><br></div><div class="battle-history">The opposing Sparkly used <strong>Wish</strong>!<br></div><div class="spacer battle-history"><br></div><div class="battle-history">Gastrodon used <strong>Earthquake</strong>!<br></div><div class="battle-history"><small>(The opposing Sparkly lost 23% of its health!)</small><br></div><div class="spacer battle-history"><br></div><div class="battle-history"><small>The opposing Sparkly restored a little HP using its Leftovers!</small><br></div><div class="spacer battle-history"><br></div><h2 class="battle-history">Turn 34</h2><div class="spacer battle-history"><br></div><div class="battle-history">The opposing Sparkly used <strong>Hyper Voice</strong>!<br></div><div class="battle-history"><small>(Gastrodon lost 26% of its health!)</small><br></div><div class="spacer battle-history"><br></div><div class="battle-history">Gastrodon used <strong>Recover</strong>!<br></div><div class="battle-history"><small>Gastrodon had its HP restored.</small><br></div><div class="spacer battle-history"><br></div><div class="battle-history"><small>Sparkly's wish came true!</small><br></div><div class="spacer battle-history"><br></div><h2 class="battle-history">Turn 35</h2><div class="spacer battle-history"><br></div><div class="battle-history">The opposing Sparkly used <strong>Hyper Voice</strong>!<br></div><div class="battle-history"><small>(Gastrodon lost 26% of its health!)</small><br></div><div class="spacer battle-history"><br></div><div class="battle-history">Gastrodon used <strong>Earthquake</strong>!<br></div><div class="battle-history"><small>(The opposing Sparkly lost 22% of its health!)</small><br></div><div class="spacer battle-history"><br></div><div class="battle-history"><small>The opposing Sparkly restored a little HP using its Leftovers!</small><br></div><div class="spacer battle-history"><br></div><h2 class="battle-history">Turn 36</h2><div class="spacer battle-history"><br></div><div class="battle-history">The opposing Sparkly used <strong>Wish</strong>!<br></div><div class="spacer battle-history"><br></div><div class="battle-history">Gastrodon used <strong>Earthquake</strong>!<br></div><div class="battle-history"><small>(The opposing Sparkly lost 23% of its health!)</small><br></div><div class="spacer battle-history"><br></div><div class="battle-history"><small>The opposing Sparkly restored a little HP using its Leftovers!</small><br></div><div class="spacer battle-history"><br></div><h2 class="battle-history">Turn 37</h2><div class="spacer battle-history"><br></div><div class="battle-history">The opposing Sparkly used <strong>Hyper Voice</strong>!<br></div><div class="battle-history"><small>(Gastrodon lost 29% of its health!)</small><br></div><div class="spacer battle-history"><br></div><div class="battle-history">Gastrodon used <strong>Recover</strong>!<br></div><div class="battle-history"><small>Gastrodon had its HP restored.</small><br></div><div class="spacer battle-history"><br></div><div class="battle-history"><small>Sparkly's wish came true!</small><br></div><div class="spacer battle-history"><br></div><h2 class="battle-history">Turn 38</h2><div class="spacer battle-history"><br></div><div class="battle-history">The opposing Sparkly used <strong>Hyper Voice</strong>!<br></div><div class="battle-history"><small>(Gastrodon lost 27% of its health!)</small><br></div><div class="spacer battle-history"><br></div><div class="battle-history">Gastrodon used <strong>Earthquake</strong>!<br></div><div class="battle-history"><small>(The opposing Sparkly lost 25% of its health!)</small><br></div><div class="spacer battle-history"><br></div><div class="battle-history"><small>The opposing Sparkly restored a little HP using its Leftovers!</small><br></div><div class="spacer battle-history"><br></div><h2 class="battle-history">Turn 39</h2><div class="spacer battle-history"><br></div><div class="battle-history">DiwanyaFae withdrew Sparkly!<br></div><div class="battle-history">DiwanyaFae sent out Shady (<strong>Swampert</strong>)!<br></div><div class="battle-history"><small>Pointed stones dug into the opposing Shady!</small><br></div><div class="spacer battle-history"><br></div><div class="battle-history">Gastrodon used <strong>Earthquake</strong>!<br></div><div class="battle-history"><small>(The opposing Shady lost 1% of its health!)</small><br></div><div class="spacer battle-history"><br></div><div class="battle-history">The opposing Shady fainted!<br></div><div class="spacer battle-history"><br></div><div class="battle-history">DiwanyaFae sent out Draztek (<strong>Sigilyph</strong>)!<br></div><div class="battle-history"><small>Pointed stones dug into the opposing Draztek!</small><br></div><div class="spacer battle-history"><br></div><h2 class="battle-history">Turn 40</h2><div class="spacer battle-history"><br></div><div class="battle-history">Gastrodon, come back!<br></div><div class="battle-history">Go! <strong>Orthworm</strong>!<br></div><div class="spacer battle-history"><br></div><div class="battle-history">The opposing Draztek used <strong>Psychic</strong>!<br></div><div class="battle-history"><small>It's not very effective...</small><br></div><div class="battle-history"><small>(Orthworm lost 66% of its health!)</small><br></div><div class="spacer battle-history"><br></div><div class="battle-history">Orthworm fainted!<br></div><div class="spacer battle-history"><br></div><div class="battle-history">Go! <strong>Latias</strong>!<br></div><div class="spacer battle-history"><br></div><h2 class="battle-history">Turn 41</h2><div class="spacer battle-history"><br></div><div class="battle-history">DiwanyaFae withdrew Draztek!<br></div><div class="battle-history">DiwanyaFae sent out Sparkly (<strong>Sylveon</strong>)!<br></div><div class="battle-history"><small>Pointed stones dug into the opposing Sparkly!</small><br></div><div class="spacer battle-history"><br></div><div class="battle-history">Latias used <strong>Draco Meteor</strong>!<br></div><div class="battle-history"><small>It doesn't affect the opposing Sparkly...</small><br></div><div class="spacer battle-history"><br></div><div class="battle-history"><small>The opposing Sparkly restored a little HP using its Leftovers!</small><br></div><div class="spacer battle-history"><br></div><h2 class="battle-history">Turn 42</h2><div class="spacer battle-history"><br></div><div class="battle-history">Latias, come back!<br></div><div class="battle-history">Go! <strong>Gastrodon</strong>!<br></div><div class="spacer battle-history"><br></div><div class="battle-history">The opposing Sparkly used <strong>Hyper Voice</strong>!<br></div><div class="battle-history"><small>(Gastrodon lost 27% of its health!)</small><br></div><div class="spacer battle-history"><br></div><div class="battle-history"><small>The opposing Sparkly restored a little HP using its Leftovers!</small><br></div><div class="spacer battle-history"><br></div><h2 class="battle-history">Turn 43</h2><div class="spacer battle-history"><br></div><div class="battle-history">The opposing Sparkly used <strong>Hyper Voice</strong>!<br></div><div class="battle-history"><small>(Gastrodon lost 22% of its health!)</small><br></div><div class="spacer battle-history"><br></div><div class="battle-history">Gastrodon fainted!<br></div><div class="spacer battle-history"><br></div><div class="battle-history"><small>The opposing Sparkly restored a little HP using its Leftovers!</small><br></div><div class="spacer battle-history"><br></div><div class="battle-history">Go! <strong>Latias</strong>!<br></div><div class="spacer battle-history"><br></div><h2 class="battle-history">Turn 44</h2><div class="spacer battle-history"><br></div><div class="battle-history">Latias used <strong>Mist Ball</strong>!<br></div><div class="battle-history"><small>(The opposing Sparkly lost 37% of its health!)</small><br></div><div class="spacer battle-history"><br></div><div class="battle-history">The opposing Sparkly used <strong>Hyper Voice</strong>!<br></div><div class="battle-history"><small>It's super effective!</small><br></div><div class="battle-history"><small>(Latias lost 73% of its health!)</small><br></div><div class="spacer battle-history"><br></div><div class="battle-history"><small>The opposing Sparkly restored a little HP using its Leftovers!</small><br></div><div class="spacer battle-history"><br></div><h2 class="battle-history">Turn 45</h2><div class="chat chatmessage-quirkyturtle"><strong style="color:#39a931"><small class="groupsymbol">☆</small><span class="username">quirkyturtle</span>:</strong> <em>gg</em></div><div class="spacer battle-history"><br></div><div class="battle-history">DiwanyaFae withdrew Sparkly!<br></div><div class="battle-history">DiwanyaFae sent out Draztek (<strong>Sigilyph</strong>)!<br></div><div class="battle-history"><small>Pointed stones dug into the opposing Draztek!</small><br></div><div class="spacer battle-history"><br></div><div class="battle-history">Latias used <strong>Mist Ball</strong>!<br></div><div class="battle-history"><small>It's not very effective...</small><br></div><div class="battle-history"><small>(The opposing Draztek lost 35% of its health!)</small><br></div><div class="battle-history"><small>The opposing Draztek's Sp. Atk fell!</small><br></div><div class="spacer battle-history"><br></div><h2 class="battle-history">Turn 46</h2><div class="spacer battle-history"><br></div><div class="battle-history">The opposing Draztek used <strong>Psychic</strong>!<br></div><div class="battle-history"><small>It's not very effective...</small><br></div><div class="battle-history"><small>(Latias lost 27% of its health!)</small><br></div><div class="spacer battle-history"><br></div><div class="battle-history">Latias fainted!<br></div><div class="spacer battle-history"><br></div><div class="battle-history"><strong>DiwanyaFae</strong> won the battle!<br></div><div class="chat chatmessage-diwanyafae"><strong style="color:#b76938"><small class="groupsymbol">☆</small><span class="username">DiwanyaFae</span>:</strong> <em>gg wp!</em></div></div><div class="inner-preempt message-log"></div></div></div>
</div>
<script>
let daily = Math.floor(Date.now()/1000/60/60/24);document.write('<script src="https://play.pokemonshowdown.com/js/replay-embed.js?version'+daily+'"></'+'script>');
</script>
