<!DOCTYPE html>
<meta charset="utf-8" />
<!-- version 1 -->
<title>[Gen 9] NatDex Draft replay: PLZXEN vs. Brewbjerg</title>
<style>
html,body {font-family:Verdana, sans-serif;font-size:10pt;margin:0;padding:0;}body{padding:12px 0;} .battle-log {font-family:Verdana, sans-serif;font-size:10pt;} .battle-log-inline {border:1px solid #AAAAAA;background:#EEF2F5;color:black;max-width:640px;margin:0 auto 80px;padding-bottom:5px;} .battle-log .inner {padding:4px 8px 0px 8px;} .battle-log .inner-preempt {padding:0 8px 4px 8px;} .battle-log .inner-after {margin-top:0.5em;} .battle-log h2 {margin:0.5em -8px;padding:4px 8px;border:1px solid #AAAAAA;background:#E0E7EA;border-left:0;border-right:0;font-family:Verdana, sans-serif;font-size:13pt;} .battle-log .chat {vertical-align:middle;padding:3px 0 3px 0;font-size:8pt;} .battle-log .chat strong {color:#40576A;} .battle-log .chat em {padding:1px 4px 1px 3px;color:#000000;font-style:normal;} .chat.mine {background:rgba(0,0,0,0.05);margin-left:-8px;margin-right:-8px;padding-left:8px;padding-right:8px;} .spoiler {color:#BBBBBB;background:#BBBBBB;padding:0px 3px;} .spoiler:hover, .spoiler:active, .spoiler-shown {color:#000000;background:#E2E2E2;padding:0px 3px;} .spoiler a {color:#BBBBBB;} .spoiler:hover a, .spoiler:active a, .spoiler-shown a {color:#2288CC;} .chat code, .chat .spoiler:hover code, .chat .spoiler:active code, .chat .spoiler-shown code {border:1px solid #C0C0C0;background:#EEEEEE;color:black;padding:0 2px;} .chat .spoiler code {border:1px solid #CCCCCC;background:#CCCCCC;color:#CCCCCC;} .battle-log .rated {padding:3px 4px;} .battle-log .rated strong {color:white;background:#89A;padding:1px 4px;border-radius:4px;} .spacer {margin-top:0.5em;} .message-announce {background:#6688AA;color:white;padding:1px 4px 2px;} .message-announce a, .broadcast-green a, .broadcast-blue a, .broadcast-red a {color:#DDEEFF;} .broadcast-green {background-color:#559955;color:white;padding:2px 4px;} .broadcast-blue {background-color:#6688AA;color:white;padding:2px 4px;} .infobox {border:1px solid #6688AA;padding:2px 4px;} .infobox-limited {max-height:200px;overflow:auto;overflow-x:hidden;} .broadcast-red {background-color:#AA5544;color:white;padding:2px 4px;} .message-learn-canlearn {font-weight:bold;color:#228822;text-decoration:underline;} .message-learn-cannotlearn {font-weight:bold;color:#CC2222;text-decoration:underline;} .message-effect-weak {font-weight:bold;color:#CC2222;} .message-effect-resist {font-weight:bold;color:#6688AA;} .message-effect-immune {font-weight:bold;color:#666666;} .message-learn-list {margin-top:0;margin-bottom:0;} .message-throttle-notice, .message-error {color:#992222;} .message-overflow, .chat small.message-overflow {font-size:0pt;} .message-overflow::before {font-size:9pt;content:'...';} .subtle {color:#3A4A66;}
</style>
<div class="wrapper replay-wrapper" style="max-width:1180px;margin:0 auto">
<input type="hidden" name="replayid" value="gen9natdexdraft-2371888287" />
<div class="battle"></div><div class="battle-log"></div><div class="replay-controls"></div><div class="replay-controls-2"></div>
<h1 style="font-weight:normal;text-align:center"><strong>[Gen 9] NatDex Draft</strong><br /><a href="http://pokemonshowdown.com/users/plzxen" class="subtle" target="_blank">PLZXEN</a> vs. <a href="http://pokemonshowdown.com/users/brewbjerg" class="subtle" target="_blank">Brewbjerg</a></h1>
<script type="text/plain" class="battle-log-data">
|j|☆PLZXEN
|j|☆Brewbjerg
|t:|1748218309
|gametype|singles
|player|p1|PLZXEN|cyrus|
|player|p2|Brewbjerg|170|
|teamsize|p1|6
|teamsize|p2|6
|gen|9
|tier|[Gen 9] NatDex Draft
|rule|Sleep Clause Mod: Limit one foe put to sleep
|rule|OHKO Clause: OHKO moves are banned
|rule|Evasion Clause: Evasion abilities, items, and moves are banned
|rule|Evasion Abilities Clause: Evasion abilities are banned
|rule|Evasion Items Clause: Evasion items are banned
|rule|Evasion Moves Clause: Evasion moves are banned
|rule|Endless Battle Clause: Forcing endless battles is banned
|rule|HP Percentage Mod: HP is shown in percentages
|clearpoke
|poke|p1|Celebi|
|poke|p1|Goodra, M|
|poke|p1|Gholdengo|
|poke|p1|Tapu Fini|
|poke|p1|Ogerpon-Hearthflame, F|
|poke|p1|Amoonguss, F|
|poke|p2|Hitmontop, M|
|poke|p2|Volcanion|
|poke|p2|Thundurus, M|
|poke|p2|Salamence, F|
|poke|p2|Aegislash, F|
|poke|p2|Grimmsnarl, M|
|teampreview
|c|☆PLZXEN|do you wanna post the link
|c|☆Brewbjerg|sure
|c|☆PLZXEN|sounds good
|c|☆Brewbjerg|posted
|c|☆Brewbjerg|gl hf
|j| GuRRuO
|c|☆PLZXEN|glhf
|
|t:|1748218372
|start
|switch|p1a: AMOGUS|Amoonguss, F, shiny|100\/100
|switch|p2a: Air Fryer|Volcanion|100\/100
|turn|1
|
|t:|1748218381
|move|p2a: Air Fryer|Flamethrower|p1a: AMOGUS
|-supereffective|p1a: AMOGUS
|-damage|p1a: AMOGUS|6\/100
|-status|p1a: AMOGUS|brn
|move|p1a: AMOGUS|Toxic|p2a: Air Fryer
|-status|p2a: Air Fryer|tox
|
|-damage|p2a: Air Fryer|95\/100 tox|[from] psn
|-damage|p1a: AMOGUS|0 fnt|[from] brn
|faint|p1a: AMOGUS
|upkeep
|
|t:|1748218395
|switch|p1a: GREED|Gholdengo|100\/100
|turn|2
|
|t:|1748218430
|move|p1a: GREED|Thunderbolt|p2a: Air Fryer
|-supereffective|p2a: Air Fryer
|-damage|p2a: Air Fryer|32\/100 tox
|move|p2a: Air Fryer|Flamethrower|p1a: GREED
|-supereffective|p1a: GREED
|-damage|p1a: GREED|0 fnt
|faint|p1a: GREED
|
|-heal|p2a: Air Fryer|38\/100 tox|[from] item: Leftovers
|-damage|p2a: Air Fryer|26\/100 tox|[from] psn
|upkeep
|
|t:|1748218458
|switch|p1a: FAUNA|Celebi, shiny|100\/100
|turn|3
|
|t:|1748218473
|switch|p2a: Thundurus|Thundurus, M|100\/100
|move|p1a: FAUNA|Earth Power|p2a: Thundurus
|-immune|p2a: Thundurus
|
|upkeep
|turn|4
|
|t:|1748218498
|switch|p1a: GOOEY|Goodra, M, shiny|100\/100
|move|p2a: Thundurus|Sludge Wave|p1a: GOOEY
|-damage|p1a: GOOEY|84\/100
|
|upkeep
|turn|5
|
|t:|1748218516
|-terastallize|p1a: GOOEY|Fairy
|move|p2a: Thundurus|Volt Switch|p1a: GOOEY
|-damage|p1a: GOOEY|67\/100
|
|t:|1748218526
|switch|p2a: Grimmsnarl|Grimmsnarl, M|100\/100|[from] Volt Switch
|move|p1a: GOOEY|Ice Beam|p2a: Grimmsnarl
|-damage|p2a: Grimmsnarl|80\/100
|
|upkeep
|turn|6
|
|t:|1748218548
|switch|p1a: FINNING IT|Tapu Fini, shiny|100\/100
|-fieldstart|move: Misty Terrain|[from] ability: Misty Surge|[of] p1a: FINNING IT
|move|p2a: Grimmsnarl|Light Screen|p2a: Grimmsnarl
|-sidestart|p2: Brewbjerg|move: Light Screen
|
|upkeep
|turn|7
|
|t:|1748218566
|move|p2a: Grimmsnarl|Parting Shot|p1a: FINNING IT
|-unboost|p1a: FINNING IT|atk|1
|-unboost|p1a: FINNING IT|spa|1
|
|t:|1748218579
|switch|p2a: Thundurus|Thundurus, M|100\/100|[from] Parting Shot
|move|p1a: FINNING IT|Moonblast|p2a: Thundurus
|-damage|p2a: Thundurus|91\/100
|
|upkeep
|turn|8
|
|t:|1748218596
|switch|p1a: GOOEY|Goodra, M, shiny, tera:Fairy|67\/100
|move|p2a: Thundurus|Thunderbolt|p1a: GOOEY
|-damage|p1a: GOOEY|45\/100
|
|upkeep
|turn|9
|
|t:|1748218602
|move|p2a: Thundurus|Volt Switch|p1a: GOOEY
|-damage|p1a: GOOEY|26\/100
|
|t:|1748218608
|switch|p2a: Aegislash|Aegislash, F|100\/100|[from] Volt Switch
|move|p1a: GOOEY|Draco Meteor|p2a: Aegislash|[miss]
|-miss|p1a: GOOEY|p2a: Aegislash
|
|upkeep
|turn|10
|c|☆PLZXEN|nooooooo
|c|☆Brewbjerg|rip
|
|t:|1748218635
|move|p1a: GOOEY|Flamethrower|p2a: Aegislash
|-supereffective|p2a: Aegislash
|-enditem|p2a: Aegislash|Occa Berry|[eat]
|-enditem|p2a: Aegislash|Occa Berry|[weaken]
|-damage|p2a: Aegislash|89\/100
|-formechange|p2a: Aegislash|Aegislash-Blade||[from] ability: Stance Change
|move|p2a: Aegislash|Flash Cannon|p1a: GOOEY
|-supereffective|p1a: GOOEY
|-damage|p1a: GOOEY|0 fnt
|faint|p1a: GOOEY
|
|-fieldend|Misty Terrain
|upkeep
|
|t:|1748218649
|switch|p1a: LARRY|Ogerpon-Hearthflame, F|100\/100
|-ability|p1a: LARRY|Mold Breaker
|turn|11
|
|t:|1748218659
|-formechange|p2a: Aegislash|Aegislash||[from] ability: Stance Change
|move|p2a: Aegislash|King's Shield|p2a: Aegislash
|-singleturn|p2a: Aegislash|Protect
|move|p1a: LARRY|Ivy Cudgel|p2a: Aegislash|[anim] Ivy Cudgel Fire
|-activate|p2a: Aegislash|move: Protect
|
|upkeep
|turn|12
|
|t:|1748218696
|move|p1a: LARRY|Swords Dance|p1a: LARRY
|-boost|p1a: LARRY|atk|2
|-formechange|p2a: Aegislash|Aegislash-Blade||[from] ability: Stance Change
|move|p2a: Aegislash|Shadow Ball|p1a: LARRY
|-crit|p1a: LARRY
|-damage|p1a: LARRY|21\/100
|
|upkeep
|turn|13
|
|t:|1748218709
|move|p1a: LARRY|Ivy Cudgel|p2a: Aegislash|[anim] Ivy Cudgel Fire
|-supereffective|p2a: Aegislash
|-damage|p2a: Aegislash|0 fnt
|faint|p2a: Aegislash
|
|-sideend|p2: Brewbjerg|move: Light Screen
|upkeep
|
|t:|1748218733
|switch|p2a: Thundurus|Thundurus, M|91\/100
|turn|14
|
|t:|1748218742
|switch|p1a: FAUNA|Celebi, shiny|100\/100
|move|p2a: Thundurus|Thunderbolt|p1a: FAUNA
|-resisted|p1a: FAUNA
|-damage|p1a: FAUNA|78\/100
|
|upkeep
|turn|15
|
|t:|1748218764
|move|p1a: FAUNA|Psychic|p2a: Thundurus
|-damage|p2a: Thundurus|56\/100
|move|p2a: Thundurus|Sludge Wave|p1a: FAUNA
|-supereffective|p1a: FAUNA
|-damage|p1a: FAUNA|11\/100
|
|upkeep
|turn|16
|
|t:|1748218773
|switch|p2a: Grimmsnarl|Grimmsnarl, M|80\/100
|move|p1a: FAUNA|Psychic|p2a: Grimmsnarl
|-immune|p2a: Grimmsnarl
|
|upkeep
|turn|17
|
|t:|1748218786
|switch|p1a: FINNING IT|Tapu Fini, shiny|100\/100
|-fieldstart|move: Misty Terrain|[from] ability: Misty Surge|[of] p1a: FINNING IT
|move|p2a: Grimmsnarl|Darkest Lariat|p1a: FINNING IT
|-resisted|p1a: FINNING IT
|-damage|p1a: FINNING IT|88\/100
|
|-heal|p1a: FINNING IT|94\/100|[from] item: Leftovers
|upkeep
|turn|18
|
|t:|1748218795
|move|p2a: Grimmsnarl|Light Screen|p2a: Grimmsnarl
|-sidestart|p2: Brewbjerg|move: Light Screen
|move|p1a: FINNING IT|Calm Mind|p1a: FINNING IT
|-boost|p1a: FINNING IT|spa|1
|-boost|p1a: FINNING IT|spd|1
|
|-heal|p1a: FINNING IT|100\/100|[from] item: Leftovers
|upkeep
|turn|19
|
|t:|1748218810
|move|p2a: Grimmsnarl|Parting Shot|p1a: FINNING IT
|-unboost|p1a: FINNING IT|atk|1
|-unboost|p1a: FINNING IT|spa|1
|
|t:|1748218814
|switch|p2a: Air Fryer|Volcanion|26\/100 tox|[from] Parting Shot
|move|p1a: FINNING IT|Taunt|p2a: Air Fryer
|-start|p2a: Air Fryer|move: Taunt
|
|-heal|p2a: Air Fryer|32\/100 tox|[from] item: Leftovers
|-damage|p2a: Air Fryer|26\/100 tox|[from] psn
|upkeep
|turn|20
|
|t:|1748218829
|move|p1a: FINNING IT|Surf|p2a: Air Fryer
|-heal|p2a: Air Fryer|50\/100 tox|[from] ability: Water Absorb|[of] p1a: FINNING IT
|move|p2a: Air Fryer|Sludge Bomb|p1a: FINNING IT
|-supereffective|p1a: FINNING IT
|-damage|p1a: FINNING IT|64\/100
|
|-heal|p1a: FINNING IT|71\/100|[from] item: Leftovers
|-heal|p2a: Air Fryer|56\/100 tox|[from] item: Leftovers
|-damage|p2a: Air Fryer|45\/100 tox|[from] psn
|upkeep
|turn|21
|
|t:|1748218840
|move|p1a: FINNING IT|Moonblast|p2a: Air Fryer
|-resisted|p2a: Air Fryer
|-damage|p2a: Air Fryer|38\/100 tox
|move|p2a: Air Fryer|Sludge Bomb|p1a: FINNING IT
|-supereffective|p1a: FINNING IT
|-damage|p1a: FINNING IT|33\/100
|
|-heal|p1a: FINNING IT|39\/100|[from] item: Leftovers
|-heal|p2a: Air Fryer|44\/100 tox|[from] item: Leftovers
|-damage|p2a: Air Fryer|26\/100 tox|[from] psn
|-end|p2a: Air Fryer|move: Taunt
|-fieldend|Misty Terrain
|upkeep
|turn|22
|
|t:|1748218856
|switch|p1a: LARRY|Ogerpon-Hearthflame, F|21\/100
|-ability|p1a: LARRY|Mold Breaker
|move|p2a: Air Fryer|Sludge Bomb|p1a: LARRY
|-supereffective|p1a: LARRY
|-damage|p1a: LARRY|0 fnt
|faint|p1a: LARRY
|
|-heal|p2a: Air Fryer|32\/100 tox|[from] item: Leftovers
|-damage|p2a: Air Fryer|8\/100 tox|[from] psn
|upkeep
|
|t:|1748218867
|switch|p1a: FAUNA|Celebi, shiny|11\/100
|turn|23
|
|t:|1748218883
|move|p1a: FAUNA|Energy Ball|p2a: Air Fryer
|-crit|p2a: Air Fryer
|-damage|p2a: Air Fryer|0 fnt
|faint|p2a: Air Fryer
|
|upkeep
|
|t:|1748218898
|switch|p2a: Hitmontop|Hitmontop, M|100\/100
|turn|24
|
|t:|1748218911
|move|p2a: Hitmontop|Sucker Punch|p1a: FAUNA
|-supereffective|p1a: FAUNA
|-damage|p1a: FAUNA|0 fnt
|faint|p1a: FAUNA
|
|upkeep
|
|t:|1748218916
|switch|p1a: FINNING IT|Tapu Fini, shiny|39\/100
|-fieldstart|move: Misty Terrain|[from] ability: Misty Surge|[of] p1a: FINNING IT
|turn|25
|
|t:|1748218923
|switch|p2a: Thundurus|Thundurus, M|56\/100
|move|p1a: FINNING IT|Calm Mind|p1a: FINNING IT
|-boost|p1a: FINNING IT|spa|1
|-boost|p1a: FINNING IT|spd|1
|
|-heal|p1a: FINNING IT|45\/100|[from] item: Leftovers
|-sideend|p2: Brewbjerg|move: Light Screen
|upkeep
|turn|26
|
|t:|1748218931
|move|p2a: Thundurus|Thunderbolt|p1a: FINNING IT
|-supereffective|p1a: FINNING IT
|-damage|p1a: FINNING IT|0 fnt
|faint|p1a: FINNING IT
|
|win|Brewbjerg
|l| GuRRuO
|c|☆PLZXEN|ggs
|c|☆Brewbjerg|ggs

</script>
</div>
<div class="battle-log battle-log-inline"><div class="inner"><div class="battle-options"></div><div class="inner message-log"><div class="chat"><small>☆PLZXEN and ☆Brewbjerg joined</small></div><div class=""><small>Format:</small> <br><strong>[Gen 9] NatDex Draft</strong></div><div class=""><small><em>Sleep Clause Mod:</em> Limit one foe put to sleep</small></div><div class=""><small><em>OHKO Clause:</em> OHKO moves are banned</small></div><div class=""><small><em>Evasion Clause:</em> Evasion abilities, items, and moves are banned</small></div><div class=""><small><em>Evasion Abilities Clause:</em> Evasion abilities are banned</small></div><div class=""><small><em>Evasion Items Clause:</em> Evasion items are banned</small></div><div class=""><small><em>Evasion Moves Clause:</em> Evasion moves are banned</small></div><div class=""><small><em>Endless Battle Clause:</em> Forcing endless battles is banned</small></div><div class=""><small><em>HP Percentage Mod:</em> HP is shown in percentages</small></div><div class="chat battle-history"><strong>PLZXEN's team:</strong> <em style="color:#445566;display:block;">Celebi / Goodra / Gholdengo / Tapu Fini / Ogerpon-Hearthflame / Amoonguss</em></div><div class="chat battle-history"><strong>Brewbjerg's team:</strong> <em style="color:#445566;display:block;">Hitmontop / Volcanion / Thundurus / Salamence / Aegislash / Grimmsnarl</em></div><div class="chat chatmessage-plzxen"><strong style="color:#d41525"><small class="groupsymbol">☆</small><span class="username">PLZXEN</span>:</strong> <em>do you wanna post the link</em></div><div class="chat chatmessage-brewbjerg"><strong style="color:#859410"><small class="groupsymbol">☆</small><span class="username">Brewbjerg</span>:</strong> <em>sure</em></div><div class="chat chatmessage-plzxen"><strong style="color:#d41525"><small class="groupsymbol">☆</small><span class="username">PLZXEN</span>:</strong> <em>sounds good</em></div><div class="chat chatmessage-brewbjerg"><strong style="color:#859410"><small class="groupsymbol">☆</small><span class="username">Brewbjerg</span>:</strong> <em>posted</em></div><div class="chat chatmessage-brewbjerg"><strong style="color:#859410"><small class="groupsymbol">☆</small><span class="username">Brewbjerg</span>:</strong> <em>gl hf</em></div><div class="chat"><small> GuRRuO joined</small></div><div class="chat chatmessage-plzxen"><strong style="color:#d41525"><small class="groupsymbol">☆</small><span class="username">PLZXEN</span>:</strong> <em>glhf</em></div><div class="spacer battle-history"><br></div><div class="battle-history">Battle started between PLZXEN and Brewbjerg!<br></div><div class="spacer battle-history"><br></div><div class="battle-history">Go! AMOGUS (<strong>Amoonguss</strong>)!<br></div><div class="spacer battle-history"><br></div><div class="battle-history">Brewbjerg sent out Air Fryer (<strong>Volcanion</strong>)!<br></div><div class="spacer battle-history"><br></div><h2 class="battle-history">Turn 1</h2><div class="spacer battle-history"><br></div><div class="battle-history">The opposing Air Fryer used <strong>Flamethrower</strong>!<br></div><div class="battle-history"><small>It's super effective!</small><br></div><div class="battle-history"><small>(AMOGUS lost 94% of its health!)</small><br></div><div class="battle-history"><small>AMOGUS was burned!</small><br></div><div class="spacer battle-history"><br></div><div class="battle-history">AMOGUS used <strong>Toxic</strong>!<br></div><div class="battle-history"><small>The opposing Air Fryer was badly poisoned!</small><br></div><div class="spacer battle-history"><br></div><div class="battle-history"><small>The opposing Air Fryer was hurt by poison!</small><br></div><div class="battle-history"><small>AMOGUS was hurt by its burn!</small><br></div><div class="spacer battle-history"><br></div><div class="battle-history">AMOGUS fainted!<br></div><div class="spacer battle-history"><br></div><div class="battle-history">Go! GREED (<strong>Gholdengo</strong>)!<br></div><div class="spacer battle-history"><br></div><h2 class="battle-history">Turn 2</h2><div class="spacer battle-history"><br></div><div class="battle-history">GREED used <strong>Thunderbolt</strong>!<br></div><div class="battle-history"><small>It's super effective!</small><br></div><div class="battle-history"><small>(The opposing Air Fryer lost 63% of its health!)</small><br></div><div class="spacer battle-history"><br></div><div class="battle-history">The opposing Air Fryer used <strong>Flamethrower</strong>!<br></div><div class="battle-history"><small>It's super effective!</small><br></div><div class="battle-history"><small>(GREED lost 100% of its health!)</small><br></div><div class="spacer battle-history"><br></div><div class="battle-history">GREED fainted!<br></div><div class="spacer battle-history"><br></div><div class="battle-history"><small>The opposing Air Fryer restored a little HP using its Leftovers!</small><br></div><div class="battle-history"><small>The opposing Air Fryer was hurt by poison!</small><br></div><div class="spacer battle-history"><br></div><div class="battle-history">Go! FAUNA (<strong>Celebi</strong>)!<br></div><div class="spacer battle-history"><br></div><h2 class="battle-history">Turn 3</h2><div class="spacer battle-history"><br></div><div class="battle-history">Brewbjerg withdrew Air Fryer!<br></div><div class="battle-history">Brewbjerg sent out <strong>Thundurus</strong>!<br></div><div class="spacer battle-history"><br></div><div class="battle-history">FAUNA used <strong>Earth Power</strong>!<br></div><div class="battle-history"><small>It doesn't affect the opposing Thundurus...</small><br></div><div class="spacer battle-history"><br></div><h2 class="battle-history">Turn 4</h2><div class="spacer battle-history"><br></div><div class="battle-history">FAUNA, come back!<br></div><div class="battle-history">Go! GOOEY (<strong>Goodra</strong>)!<br></div><div class="spacer battle-history"><br></div><div class="battle-history">The opposing Thundurus used <strong>Sludge Wave</strong>!<br></div><div class="battle-history"><small>(GOOEY lost 16% of its health!)</small><br></div><div class="spacer battle-history"><br></div><h2 class="battle-history">Turn 5</h2><div class="spacer battle-history"><br></div><div class="battle-history"><small>GOOEY has Terastallized into the Fairy-type!</small><br></div><div class="spacer battle-history"><br></div><div class="battle-history">The opposing Thundurus used <strong>Volt Switch</strong>!<br></div><div class="battle-history"><small>(GOOEY lost 17% of its health!)</small><br></div><div class="spacer battle-history"><br></div><div class="battle-history">The opposing Thundurus went back to Brewbjerg!<br></div><div class="battle-history">Brewbjerg sent out <strong>Grimmsnarl</strong>!<br></div><div class="spacer battle-history"><br></div><div class="battle-history">GOOEY used <strong>Ice Beam</strong>!<br></div><div class="battle-history"><small>(The opposing Grimmsnarl lost 20% of its health!)</small><br></div><div class="spacer battle-history"><br></div><h2 class="battle-history">Turn 6</h2><div class="spacer battle-history"><br></div><div class="battle-history">GOOEY, come back!<br></div><div class="battle-history">Go! FINNING IT (<strong>Tapu Fini</strong>)!<br></div><div class="battle-history">[FINNING IT's Misty Surge]<br><small>Mist swirled around the battlefield!</small><br></div><div class="spacer battle-history"><br></div><div class="battle-history">The opposing Grimmsnarl used <strong>Light Screen</strong>!<br></div><div class="battle-history"><small>Light Screen made the opposing team stronger against special moves!</small><br></div><div class="spacer battle-history"><br></div><h2 class="battle-history">Turn 7</h2><div class="spacer battle-history"><br></div><div class="battle-history">The opposing Grimmsnarl used <strong>Parting Shot</strong>!<br></div><div class="battle-history"><small>FINNING IT's Attack fell!</small><br></div><div class="battle-history"><small>FINNING IT's Sp. Atk fell!</small><br></div><div class="spacer battle-history"><br></div><div class="battle-history">The opposing Grimmsnarl went back to Brewbjerg!<br></div><div class="battle-history">Brewbjerg sent out <strong>Thundurus</strong>!<br></div><div class="spacer battle-history"><br></div><div class="battle-history">FINNING IT used <strong>Moonblast</strong>!<br></div><div class="battle-history"><small>(The opposing Thundurus lost 9% of its health!)</small><br></div><div class="spacer battle-history"><br></div><h2 class="battle-history">Turn 8</h2><div class="spacer battle-history"><br></div><div class="battle-history">FINNING IT, come back!<br></div><div class="battle-history">Go! GOOEY (<strong>Goodra</strong>)!<br></div><div class="spacer battle-history"><br></div><div class="battle-history">The opposing Thundurus used <strong>Thunderbolt</strong>!<br></div><div class="battle-history"><small>(GOOEY lost 22% of its health!)</small><br></div><div class="spacer battle-history"><br></div><h2 class="battle-history">Turn 9</h2><div class="spacer battle-history"><br></div><div class="battle-history">The opposing Thundurus used <strong>Volt Switch</strong>!<br></div><div class="battle-history"><small>(GOOEY lost 19% of its health!)</small><br></div><div class="spacer battle-history"><br></div><div class="battle-history">The opposing Thundurus went back to Brewbjerg!<br></div><div class="battle-history">Brewbjerg sent out <strong>Aegislash</strong>!<br></div><div class="spacer battle-history"><br></div><div class="battle-history">GOOEY used <strong>Draco Meteor</strong>!<br></div><div class="battle-history"><small>The opposing Aegislash avoided the attack!</small><br></div><div class="spacer battle-history"><br></div><h2 class="battle-history">Turn 10</h2><div class="chat chatmessage-plzxen"><strong style="color:#d41525"><small class="groupsymbol">☆</small><span class="username">PLZXEN</span>:</strong> <em>nooooooo</em></div><div class="chat chatmessage-brewbjerg"><strong style="color:#859410"><small class="groupsymbol">☆</small><span class="username">Brewbjerg</span>:</strong> <em>rip</em></div><div class="spacer battle-history"><br></div><div class="battle-history">GOOEY used <strong>Flamethrower</strong>!<br></div><div class="battle-history"><small>It's super effective!</small><br></div><div class="battle-history"><small>(The opposing Aegislash ate its Occa Berry!)</small><br></div><div class="battle-history"><small>The Occa Berry weakened the damage to the opposing Aegislash!</small><br></div><div class="battle-history"><small>(The opposing Aegislash lost 11% of its health!)</small><br></div><div class="battle-history">[The opposing Aegislash's Stance Change]<br>Changed to Blade Forme!<br></div><div class="spacer battle-history"><br></div><div class="battle-history">The opposing Aegislash used <strong>Flash Cannon</strong>!<br></div><div class="battle-history"><small>It's super effective!</small><br></div><div class="battle-history"><small>(GOOEY lost 26% of its health!)</small><br></div><div class="spacer battle-history"><br></div><div class="battle-history">GOOEY fainted!<br></div><div class="spacer battle-history"><br></div><div class="battle-history"><small>The mist disappeared from the battlefield.</small><br></div><div class="spacer battle-history"><br></div><div class="battle-history">Go! LARRY (<strong>Ogerpon-Hearthflame</strong>)!<br></div><div class="battle-history">[LARRY's Mold Breaker]<br><small>LARRY breaks the mold!</small><br></div><div class="spacer battle-history"><br></div><h2 class="battle-history">Turn 11</h2><div class="spacer battle-history"><br></div><div class="battle-history">[The opposing Aegislash's Stance Change]<br>Changed to Shield Forme!<br></div><div class="spacer battle-history"><br></div><div class="battle-history">The opposing Aegislash used <strong>King's Shield</strong>!<br></div><div class="battle-history"><small>The opposing Aegislash protected itself!</small><br></div><div class="spacer battle-history"><br></div><div class="battle-history">LARRY used <strong>Ivy Cudgel</strong>!<br></div><div class="battle-history"><small>The opposing Aegislash protected itself!</small><br></div><div class="spacer battle-history"><br></div><h2 class="battle-history">Turn 12</h2><div class="spacer battle-history"><br></div><div class="battle-history">LARRY used <strong>Swords Dance</strong>!<br></div><div class="battle-history"><small>LARRY's Attack rose sharply!</small><br></div><div class="battle-history">[The opposing Aegislash's Stance Change]<br>Changed to Blade Forme!<br></div><div class="spacer battle-history"><br></div><div class="battle-history">The opposing Aegislash used <strong>Shadow Ball</strong>!<br></div><div class="battle-history"><small>A critical hit!</small><br></div><div class="battle-history"><small>(LARRY lost 79% of its health!)</small><br></div><div class="spacer battle-history"><br></div><h2 class="battle-history">Turn 13</h2><div class="spacer battle-history"><br></div><div class="battle-history">LARRY used <strong>Ivy Cudgel</strong>!<br></div><div class="battle-history"><small>It's super effective!</small><br></div><div class="battle-history"><small>(The opposing Aegislash lost 89% of its health!)</small><br></div><div class="spacer battle-history"><br></div><div class="battle-history">The opposing Aegislash fainted!<br></div><div class="spacer battle-history"><br></div><div class="battle-history"><small>The opposing team's Light Screen wore off!</small><br></div><div class="spacer battle-history"><br></div><div class="battle-history">Brewbjerg sent out <strong>Thundurus</strong>!<br></div><div class="spacer battle-history"><br></div><h2 class="battle-history">Turn 14</h2><div class="spacer battle-history"><br></div><div class="battle-history">LARRY, come back!<br></div><div class="battle-history">Go! FAUNA (<strong>Celebi</strong>)!<br></div><div class="spacer battle-history"><br></div><div class="battle-history">The opposing Thundurus used <strong>Thunderbolt</strong>!<br></div><div class="battle-history"><small>It's not very effective...</small><br></div><div class="battle-history"><small>(FAUNA lost 22% of its health!)</small><br></div><div class="spacer battle-history"><br></div><h2 class="battle-history">Turn 15</h2><div class="spacer battle-history"><br></div><div class="battle-history">FAUNA used <strong>Psychic</strong>!<br></div><div class="battle-history"><small>(The opposing Thundurus lost 35% of its health!)</small><br></div><div class="spacer battle-history"><br></div><div class="battle-history">The opposing Thundurus used <strong>Sludge Wave</strong>!<br></div><div class="battle-history"><small>It's super effective!</small><br></div><div class="battle-history"><small>(FAUNA lost 67% of its health!)</small><br></div><div class="spacer battle-history"><br></div><h2 class="battle-history">Turn 16</h2><div class="spacer battle-history"><br></div><div class="battle-history">Brewbjerg withdrew Thundurus!<br></div><div class="battle-history">Brewbjerg sent out <strong>Grimmsnarl</strong>!<br></div><div class="spacer battle-history"><br></div><div class="battle-history">FAUNA used <strong>Psychic</strong>!<br></div><div class="battle-history"><small>It doesn't affect the opposing Grimmsnarl...</small><br></div><div class="spacer battle-history"><br></div><h2 class="battle-history">Turn 17</h2><div class="spacer battle-history"><br></div><div class="battle-history">FAUNA, come back!<br></div><div class="battle-history">Go! FINNING IT (<strong>Tapu Fini</strong>)!<br></div><div class="battle-history">[FINNING IT's Misty Surge]<br><small>Mist swirled around the battlefield!</small><br></div><div class="spacer battle-history"><br></div><div class="battle-history">The opposing Grimmsnarl used <strong>Darkest Lariat</strong>!<br></div><div class="battle-history"><small>It's not very effective...</small><br></div><div class="battle-history"><small>(FINNING IT lost 12% of its health!)</small><br></div><div class="spacer battle-history"><br></div><div class="battle-history"><small>FINNING IT restored a little HP using its Leftovers!</small><br></div><div class="spacer battle-history"><br></div><h2 class="battle-history">Turn 18</h2><div class="spacer battle-history"><br></div><div class="battle-history">The opposing Grimmsnarl used <strong>Light Screen</strong>!<br></div><div class="battle-history"><small>Light Screen made the opposing team stronger against special moves!</small><br></div><div class="spacer battle-history"><br></div><div class="battle-history">FINNING IT used <strong>Calm Mind</strong>!<br></div><div class="battle-history"><small>FINNING IT's Sp. Atk rose!</small><br></div><div class="battle-history"><small>FINNING IT's Sp. Def rose!</small><br></div><div class="spacer battle-history"><br></div><div class="battle-history"><small>FINNING IT restored a little HP using its Leftovers!</small><br></div><div class="spacer battle-history"><br></div><h2 class="battle-history">Turn 19</h2><div class="spacer battle-history"><br></div><div class="battle-history">The opposing Grimmsnarl used <strong>Parting Shot</strong>!<br></div><div class="battle-history"><small>FINNING IT's Attack fell!</small><br></div><div class="battle-history"><small>FINNING IT's Sp. Atk fell!</small><br></div><div class="spacer battle-history"><br></div><div class="battle-history">The opposing Grimmsnarl went back to Brewbjerg!<br></div><div class="battle-history">Brewbjerg sent out Air Fryer (<strong>Volcanion</strong>)!<br></div><div class="spacer battle-history"><br></div><div class="battle-history">FINNING IT used <strong>Taunt</strong>!<br></div><div class="battle-history"><small>The opposing Air Fryer fell for the taunt!</small><br></div><div class="spacer battle-history"><br></div><div class="battle-history"><small>The opposing Air Fryer restored a little HP using its Leftovers!</small><br></div><div class="battle-history"><small>The opposing Air Fryer was hurt by poison!</small><br></div><div class="spacer battle-history"><br></div><h2 class="battle-history">Turn 20</h2><div class="spacer battle-history"><br></div><div class="battle-history">FINNING IT used <strong>Surf</strong>!<br></div><div class="battle-history">[The opposing Air Fryer's Water Absorb]<br><small>The opposing Air Fryer had its HP restored.</small><br></div><div class="spacer battle-history"><br></div><div class="battle-history">The opposing Air Fryer used <strong>Sludge Bomb</strong>!<br></div><div class="battle-history"><small>It's super effective!</small><br></div><div class="battle-history"><small>(FINNING IT lost 36% of its health!)</small><br></div><div class="spacer battle-history"><br></div><div class="battle-history"><small>FINNING IT restored a little HP using its Leftovers!</small><br></div><div class="battle-history"><small>The opposing Air Fryer restored a little HP using its Leftovers!</small><br></div><div class="battle-history"><small>The opposing Air Fryer was hurt by poison!</small><br></div><div class="spacer battle-history"><br></div><h2 class="battle-history">Turn 21</h2><div class="spacer battle-history"><br></div><div class="battle-history">FINNING IT used <strong>Moonblast</strong>!<br></div><div class="battle-history"><small>It's not very effective...</small><br></div><div class="battle-history"><small>(The opposing Air Fryer lost 7% of its health!)</small><br></div><div class="spacer battle-history"><br></div><div class="battle-history">The opposing Air Fryer used <strong>Sludge Bomb</strong>!<br></div><div class="battle-history"><small>It's super effective!</small><br></div><div class="battle-history"><small>(FINNING IT lost 38% of its health!)</small><br></div><div class="spacer battle-history"><br></div><div class="battle-history"><small>FINNING IT restored a little HP using its Leftovers!</small><br></div><div class="battle-history"><small>The opposing Air Fryer restored a little HP using its Leftovers!</small><br></div><div class="battle-history"><small>The opposing Air Fryer was hurt by poison!</small><br></div><div class="battle-history"><small>The opposing Air Fryer shook off the taunt!</small><br></div><div class="battle-history"><small>The mist disappeared from the battlefield.</small><br></div><div class="spacer battle-history"><br></div><h2 class="battle-history">Turn 22</h2><div class="spacer battle-history"><br></div><div class="battle-history">FINNING IT, come back!<br></div><div class="battle-history">Go! LARRY (<strong>Ogerpon-Hearthflame</strong>)!<br></div><div class="battle-history">[LARRY's Mold Breaker]<br><small>LARRY breaks the mold!</small><br></div><div class="spacer battle-history"><br></div><div class="battle-history">The opposing Air Fryer used <strong>Sludge Bomb</strong>!<br></div><div class="battle-history"><small>It's super effective!</small><br></div><div class="battle-history"><small>(LARRY lost 21% of its health!)</small><br></div><div class="spacer battle-history"><br></div><div class="battle-history">LARRY fainted!<br></div><div class="spacer battle-history"><br></div><div class="battle-history"><small>The opposing Air Fryer restored a little HP using its Leftovers!</small><br></div><div class="battle-history"><small>The opposing Air Fryer was hurt by poison!</small><br></div><div class="spacer battle-history"><br></div><div class="battle-history">Go! FAUNA (<strong>Celebi</strong>)!<br></div><div class="spacer battle-history"><br></div><h2 class="battle-history">Turn 23</h2><div class="spacer battle-history"><br></div><div class="battle-history">FAUNA used <strong>Energy Ball</strong>!<br></div><div class="battle-history"><small>A critical hit!</small><br></div><div class="battle-history"><small>(The opposing Air Fryer lost 8% of its health!)</small><br></div><div class="spacer battle-history"><br></div><div class="battle-history">The opposing Air Fryer fainted!<br></div><div class="spacer battle-history"><br></div><div class="battle-history">Brewbjerg sent out <strong>Hitmontop</strong>!<br></div><div class="spacer battle-history"><br></div><h2 class="battle-history">Turn 24</h2><div class="spacer battle-history"><br></div><div class="battle-history">The opposing Hitmontop used <strong>Sucker Punch</strong>!<br></div><div class="battle-history"><small>It's super effective!</small><br></div><div class="battle-history"><small>(FAUNA lost 11% of its health!)</small><br></div><div class="spacer battle-history"><br></div><div class="battle-history">FAUNA fainted!<br></div><div class="spacer battle-history"><br></div><div class="battle-history">Go! FINNING IT (<strong>Tapu Fini</strong>)!<br></div><div class="battle-history">[FINNING IT's Misty Surge]<br><small>Mist swirled around the battlefield!</small><br></div><div class="spacer battle-history"><br></div><h2 class="battle-history">Turn 25</h2><div class="spacer battle-history"><br></div><div class="battle-history">Brewbjerg withdrew Hitmontop!<br></div><div class="battle-history">Brewbjerg sent out <strong>Thundurus</strong>!<br></div><div class="spacer battle-history"><br></div><div class="battle-history">FINNING IT used <strong>Calm Mind</strong>!<br></div><div class="battle-history"><small>FINNING IT's Sp. Atk rose!</small><br></div><div class="battle-history"><small>FINNING IT's Sp. Def rose!</small><br></div><div class="spacer battle-history"><br></div><div class="battle-history"><small>FINNING IT restored a little HP using its Leftovers!</small><br></div><div class="battle-history"><small>The opposing team's Light Screen wore off!</small><br></div><div class="spacer battle-history"><br></div><h2 class="battle-history">Turn 26</h2><div class="spacer battle-history"><br></div><div class="battle-history">The opposing Thundurus used <strong>Thunderbolt</strong>!<br></div><div class="battle-history"><small>It's super effective!</small><br></div><div class="battle-history"><small>(FINNING IT lost 45% of its health!)</small><br></div><div class="spacer battle-history"><br></div><div class="battle-history">FINNING IT fainted!<br></div><div class="spacer battle-history"><br></div><div class="battle-history"><strong>Brewbjerg</strong> won the battle!<br></div><div class="chat"><small> GuRRuO left</small></div><div class="chat chatmessage-plzxen"><strong style="color:#d41525"><small class="groupsymbol">☆</small><span class="username">PLZXEN</span>:</strong> <em>ggs</em></div><div class="chat chatmessage-brewbjerg"><strong style="color:#859410"><small class="groupsymbol">☆</small><span class="username">Brewbjerg</span>:</strong> <em>ggs</em></div></div><div class="inner-preempt message-log"></div></div></div>
</div>
<script>
let daily = Math.floor(Date.now()/1000/60/60/24);document.write('<script src="https://play.pokemonshowdown.com/js/replay-embed.js?version'+daily+'"></'+'script>');
</script>
