<!DOCTYPE html>
<meta charset="utf-8" />
<!-- version 1 -->
<title>[Gen 9] NatDex Draft replay: KayaniAso vs. StarGN</title>
<style>
html,body {font-family:Verdana, sans-serif;font-size:10pt;margin:0;padding:0;}body{padding:12px 0;} .battle-log {font-family:Verdana, sans-serif;font-size:10pt;} .battle-log-inline {border:1px solid #AAAAAA;background:#EEF2F5;color:black;max-width:640px;margin:0 auto 80px;padding-bottom:5px;} .battle-log .inner {padding:4px 8px 0px 8px;} .battle-log .inner-preempt {padding:0 8px 4px 8px;} .battle-log .inner-after {margin-top:0.5em;} .battle-log h2 {margin:0.5em -8px;padding:4px 8px;border:1px solid #AAAAAA;background:#E0E7EA;border-left:0;border-right:0;font-family:Verdana, sans-serif;font-size:13pt;} .battle-log .chat {vertical-align:middle;padding:3px 0 3px 0;font-size:8pt;} .battle-log .chat strong {color:#40576A;} .battle-log .chat em {padding:1px 4px 1px 3px;color:#000000;font-style:normal;} .chat.mine {background:rgba(0,0,0,0.05);margin-left:-8px;margin-right:-8px;padding-left:8px;padding-right:8px;} .spoiler {color:#BBBBBB;background:#BBBBBB;padding:0px 3px;} .spoiler:hover, .spoiler:active, .spoiler-shown {color:#000000;background:#E2E2E2;padding:0px 3px;} .spoiler a {color:#BBBBBB;} .spoiler:hover a, .spoiler:active a, .spoiler-shown a {color:#2288CC;} .chat code, .chat .spoiler:hover code, .chat .spoiler:active code, .chat .spoiler-shown code {border:1px solid #C0C0C0;background:#EEEEEE;color:black;padding:0 2px;} .chat .spoiler code {border:1px solid #CCCCCC;background:#CCCCCC;color:#CCCCCC;} .battle-log .rated {padding:3px 4px;} .battle-log .rated strong {color:white;background:#89A;padding:1px 4px;border-radius:4px;} .spacer {margin-top:0.5em;} .message-announce {background:#6688AA;color:white;padding:1px 4px 2px;} .message-announce a, .broadcast-green a, .broadcast-blue a, .broadcast-red a {color:#DDEEFF;} .broadcast-green {background-color:#559955;color:white;padding:2px 4px;} .broadcast-blue {background-color:#6688AA;color:white;padding:2px 4px;} .infobox {border:1px solid #6688AA;padding:2px 4px;} .infobox-limited {max-height:200px;overflow:auto;overflow-x:hidden;} .broadcast-red {background-color:#AA5544;color:white;padding:2px 4px;} .message-learn-canlearn {font-weight:bold;color:#228822;text-decoration:underline;} .message-learn-cannotlearn {font-weight:bold;color:#CC2222;text-decoration:underline;} .message-effect-weak {font-weight:bold;color:#CC2222;} .message-effect-resist {font-weight:bold;color:#6688AA;} .message-effect-immune {font-weight:bold;color:#666666;} .message-learn-list {margin-top:0;margin-bottom:0;} .message-throttle-notice, .message-error {color:#992222;} .message-overflow, .chat small.message-overflow {font-size:0pt;} .message-overflow::before {font-size:9pt;content:'...';} .subtle {color:#3A4A66;}
</style>
<div class="wrapper replay-wrapper" style="max-width:1180px;margin:0 auto">
<input type="hidden" name="replayid" value="gen9natdexdraft-2375458091" />
<div class="battle"></div><div class="battle-log"></div><div class="replay-controls"></div><div class="replay-controls-2"></div>
<h1 style="font-weight:normal;text-align:center"><strong>[Gen 9] NatDex Draft</strong><br /><a href="http://pokemonshowdown.com/users/kayaniaso" class="subtle" target="_blank">KayaniAso</a> vs. <a href="http://pokemonshowdown.com/users/stargn" class="subtle" target="_blank">StarGN</a></h1>
<script type="text/plain" class="battle-log-data">
|j|☆KayaniAso
|j|☆StarGN
|t:|1748651989
|gametype|singles
|player|p1|KayaniAso|benga|
|player|p2|StarGN|jasmine|
|teamsize|p1|6
|teamsize|p2|6
|gen|9
|tier|[Gen 9] NatDex Draft
|rule|Sleep Clause Mod: Limit one foe put to sleep
|rule|OHKO Clause: OHKO moves are banned
|rule|Evasion Clause: Evasion abilities, items, and moves are banned
|rule|Evasion Abilities Clause: Evasion abilities are banned
|rule|Evasion Items Clause: Evasion items are banned
|rule|Evasion Moves Clause: Evasion moves are banned
|rule|Endless Battle Clause: Forcing endless battles is banned
|rule|HP Percentage Mod: HP is shown in percentages
|clearpoke
|poke|p1|Iron Valiant|
|poke|p1|Eelektross, M|
|poke|p1|Kangaskhan, F|
|poke|p1|Flareon, M|
|poke|p1|Mandibuzz, F|
|poke|p1|Sceptile, F|
|poke|p2|Celesteela|
|poke|p2|Urshifu-*, F|
|poke|p2|Pecharunt|
|poke|p2|Ogerpon-Hearthflame, F|
|poke|p2|Alomomola, M|
|poke|p2|Gardevoir, M|
|teampreview
|c|☆KayaniAso|GL hf
|c|☆StarGN|glhf!
|j| Virtual Paradise
|j| Astro Rifk
|c| Astro Rifk|gm
|c|☆KayaniAso|GM
|c| Virtual Paradise|heyyyy besties
|c|☆KayaniAso|Fuck, just noticed it didn't fucking autocorrect the name for one of my mons
|c|☆KayaniAso|Damn
|c|☆KayaniAso|Gotta restart
|c|☆KayaniAso|Oh weeell
|c|☆StarGN|naurrrrrrrrrrrrr
|j| DiwanyaFae
|
|t:|1748652111
|start
|switch|p1a: Burrito|Flareon, M|100\/100
|switch|p2a: Go Back|Urshifu, F|100\/100
|turn|1
|
|t:|1748652129
|-terastallize|p1a: Burrito|Fairy
|move|p2a: Go Back|Wicked Blow|p1a: Burrito
|-resisted|p1a: Burrito
|-crit|p1a: Burrito
|-damage|p1a: Burrito|51\/100
|move|p1a: Burrito|Tera Blast|p2a: Go Back|[anim] Tera Blast Fairy
|-supereffective|p2a: Go Back
|-enditem|p2a: Go Back|Focus Sash
|-damage|p2a: Go Back|1\/100
|
|-status|p1a: Burrito|brn|[from] item: Flame Orb
|upkeep
|turn|2
|j| 5W466Y.exe
|c|☆KayaniAso|Sash
|c|☆KayaniAso|C'mon
|c|☆KayaniAso|Really?
|c|☆KayaniAso|:(
|
|t:|1748652152
|move|p2a: Go Back|Close Combat|p1a: Burrito
|-resisted|p1a: Burrito
|-damage|p1a: Burrito|0 fnt
|-unboost|p2a: Go Back|def|1
|-unboost|p2a: Go Back|spd|1
|faint|p1a: Burrito
|
|upkeep
|c|☆StarGN|sorry flareon....
|
|t:|1748652163
|switch|p1a: MerryChristmas|Sceptile, F|100\/100
|turn|3
|
|t:|1748652169
|switch|p2a: Frozen In Time|Celesteela, shiny|100\/100
|detailschange|p1a: MerryChristmas|Sceptile-Mega, F
|-mega|p1a: MerryChristmas|Sceptile|Sceptilite
|move|p1a: MerryChristmas|Vacuum Wave|p2a: Frozen In Time
|-damage|p2a: Frozen In Time|87\/100
|
|-heal|p2a: Frozen In Time|93\/100|[from] item: Leftovers
|upkeep
|turn|4
|
|t:|1748652184
|move|p1a: MerryChristmas|Leech Seed|p2a: Frozen In Time
|-start|p2a: Frozen In Time|move: Leech Seed
|move|p2a: Frozen In Time|Heavy Slam|p1a: MerryChristmas
|-damage|p1a: MerryChristmas|42\/100
|
|-heal|p2a: Frozen In Time|99\/100|[from] item: Leftovers
|-damage|p2a: Frozen In Time|87\/100|[from] Leech Seed|[of] p1a: MerryChristmas
|-heal|p1a: MerryChristmas|59\/100|[silent]
|upkeep
|turn|5
|
|t:|1748652192
|switch|p1a: Bad Mother|Mandibuzz, F|100\/100
|switch|p2a: Power Of Love|Gardevoir, M, shiny|100\/100
|
|upkeep
|turn|6
|j| psydomia
|
|t:|1748652202
|switch|p1a: Don'tGoogleMe|Eelektross, M|100\/100
|detailschange|p2a: Power Of Love|Gardevoir-Mega, M, shiny
|-mega|p2a: Power Of Love|Gardevoir|Gardevoirite
|move|p2a: Power Of Love|Hyper Voice|p1a: Don'tGoogleMe
|-damage|p1a: Don'tGoogleMe|57\/100
|
|upkeep
|turn|7
|
|t:|1748652219
|move|p2a: Power Of Love|Psyshock|p1a: Don'tGoogleMe
|-damage|p1a: Don'tGoogleMe|0 fnt
|faint|p1a: Don'tGoogleMe
|
|upkeep
|c|☆KayaniAso|Damn
|c| Virtual Paradise|thats the power of love
|c|☆StarGN|Power Of Love starts playing
|
|t:|1748652258
|switch|p1a: Shitty Bricks|Kangaskhan, F|100\/100
|turn|8
|
|t:|1748652264
|switch|p2a: Isn't It Over?|Pecharunt|100\/100
|move|p1a: Shitty Bricks|Shadow Claw|p2a: Isn't It Over?
|-supereffective|p2a: Isn't It Over?
|-damage|p2a: Isn't It Over?|85\/100
|-enditem|p2a: Isn't It Over?|Weakness Policy
|-boost|p2a: Isn't It Over?|atk|2|[from] item: Weakness Policy
|-boost|p2a: Isn't It Over?|spa|2|[from] item: Weakness Policy
|
|upkeep
|turn|9
|c| Virtual Paradise|chip
|c|☆StarGN|ty <3
|
|t:|1748652277
|move|p1a: Shitty Bricks|Shadow Ball|p2a: Isn't It Over?
|-supereffective|p2a: Isn't It Over?
|-damage|p2a: Isn't It Over?|59\/100
|move|p2a: Isn't It Over?|Malignant Chain|p1a: Shitty Bricks
|-damage|p1a: Shitty Bricks|38\/100
|
|upkeep
|turn|10
|
|t:|1748652286
|move|p1a: Shitty Bricks|Disable|p2a: Isn't It Over?
|-start|p2a: Isn't It Over?|Disable|Malignant Chain
|move|p2a: Isn't It Over?|Recover|p2a: Isn't It Over?
|-heal|p2a: Isn't It Over?|100\/100
|
|upkeep
|turn|11
|
|t:|1748652293
|move|p1a: Shitty Bricks|Shadow Ball|p2a: Isn't It Over?
|-supereffective|p2a: Isn't It Over?
|-damage|p2a: Isn't It Over?|73\/100
|move|p2a: Isn't It Over?|Nasty Plot|p2a: Isn't It Over?
|-boost|p2a: Isn't It Over?|spa|2
|
|upkeep
|turn|12
|
|t:|1748652300
|move|p1a: Shitty Bricks|Shadow Ball|p2a: Isn't It Over?
|-supereffective|p2a: Isn't It Over?
|-damage|p2a: Isn't It Over?|46\/100
|move|p2a: Isn't It Over?|Recover|p2a: Isn't It Over?
|-heal|p2a: Isn't It Over?|96\/100
|
|upkeep
|turn|13
|
|t:|1748652313
|move|p1a: Shitty Bricks|Shadow Ball|p2a: Isn't It Over?
|-supereffective|p2a: Isn't It Over?
|-damage|p2a: Isn't It Over?|68\/100
|move|p2a: Isn't It Over?|Nasty Plot|p2a: Isn't It Over?
|-boost|p2a: Isn't It Over?|spa|2
|
|-end|p2a: Isn't It Over?|Disable
|upkeep
|turn|14
|c|☆KayaniAso|This went south real quick
|c|☆KayaniAso|Lol
|c|☆StarGN|yeah pecharunt is a pokemon all right
|
|t:|1748652345
|move|p1a: Shitty Bricks|Shadow Ball|p2a: Isn't It Over?
|-supereffective|p2a: Isn't It Over?
|-damage|p2a: Isn't It Over?|40\/100
|move|p2a: Isn't It Over?|Recover|p2a: Isn't It Over?
|-heal|p2a: Isn't It Over?|90\/100
|
|upkeep
|turn|15
|
|t:|1748652356
|move|p1a: Shitty Bricks|Shadow Ball|p2a: Isn't It Over?
|-supereffective|p2a: Isn't It Over?
|-damage|p2a: Isn't It Over?|62\/100
|move|p2a: Isn't It Over?|Malignant Chain|p1a: Shitty Bricks
|-damage|p1a: Shitty Bricks|0 fnt
|faint|p1a: Shitty Bricks
|
|upkeep
|
|t:|1748652371
|switch|p1a: Silver Knigjt|Iron Valiant, shiny|100\/100
|-enditem|p1a: Silver Knigjt|Booster Energy
|-activate|p1a: Silver Knigjt|ability: Quark Drive|[fromitem]
|-start|p1a: Silver Knigjt|quarkdrivespe
|turn|16
|
|t:|1748652376
|move|p1a: Silver Knigjt|Psychic|p2a: Isn't It Over?
|-supereffective|p2a: Isn't It Over?
|-damage|p2a: Isn't It Over?|16\/100
|move|p2a: Isn't It Over?|Malignant Chain|p1a: Silver Knigjt
|-supereffective|p1a: Silver Knigjt
|-damage|p1a: Silver Knigjt|0 fnt
|faint|p1a: Silver Knigjt
|-end|p1a: Silver Knigjt|Quark Drive|[silent]
|
|upkeep
|c|☆KayaniAso|Doesn't kill sadge
|c|☆KayaniAso|Yep
|c|☆StarGN|pecharunt moment...
|c|☆KayaniAso|I predicted the future
|c|☆KayaniAso|6-0 incoming
|c|☆StarGN|Isn't It Over starts playing too...
|
|t:|1748652406
|switch|p1a: Bad Mother|Mandibuzz, F|100\/100
|turn|17
|c|☆StarGN|tbf on your end it wasnt with celesteela!
|
|t:|1748652412
|switch|p2a: Power Of Love|Gardevoir-Mega, M, shiny|100\/100
|move|p1a: Bad Mother|Dark Pulse|p2a: Power Of Love
|-damage|p2a: Power Of Love|84\/100
|
|upkeep
|turn|18
|
|t:|1748652419
|move|p2a: Power Of Love|Hyper Voice|p1a: Bad Mother
|-supereffective|p1a: Bad Mother
|-damage|p1a: Bad Mother|0 fnt
|faint|p1a: Bad Mother
|
|upkeep
|
|t:|1748652422
|switch|p1a: MerryChristmas|Sceptile-Mega, F|59\/100
|turn|19
|c|☆KayaniAso|Welp ggs
|
|t:|1748652431
|move|p1a: MerryChristmas|Giga Drain|p2a: Power Of Love
|-damage|p2a: Power Of Love|42\/100
|-heal|p1a: MerryChristmas|80\/100|[from] drain|[of] p2a: Power Of Love
|move|p2a: Power Of Love|Hyper Voice|p1a: MerryChristmas
|-supereffective|p1a: MerryChristmas
|-damage|p1a: MerryChristmas|0 fnt
|faint|p1a: MerryChristmas
|detailschange|p1: MerryChristmas|Sceptile, F|[silent]
|
|win|StarGN
|c|☆StarGN|ggs

</script>
</div>
<div class="battle-log battle-log-inline"><div class="inner"><div class="battle-options"></div><div class="inner message-log"><div class="chat"><small>☆KayaniAso and ☆StarGN joined</small></div><div class=""><small>Format:</small> <br><strong>[Gen 9] NatDex Draft</strong></div><div class=""><small><em>Sleep Clause Mod:</em> Limit one foe put to sleep</small></div><div class=""><small><em>OHKO Clause:</em> OHKO moves are banned</small></div><div class=""><small><em>Evasion Clause:</em> Evasion abilities, items, and moves are banned</small></div><div class=""><small><em>Evasion Abilities Clause:</em> Evasion abilities are banned</small></div><div class=""><small><em>Evasion Items Clause:</em> Evasion items are banned</small></div><div class=""><small><em>Evasion Moves Clause:</em> Evasion moves are banned</small></div><div class=""><small><em>Endless Battle Clause:</em> Forcing endless battles is banned</small></div><div class=""><small><em>HP Percentage Mod:</em> HP is shown in percentages</small></div><div class="chat battle-history"><strong>KayaniAso's team:</strong> <em style="color:#445566;display:block;">Iron Valiant / Eelektross / Kangaskhan / Flareon / Mandibuzz / Sceptile</em></div><div class="chat battle-history"><strong>StarGN's team:</strong> <em style="color:#445566;display:block;">Celesteela / Urshifu-* / Pecharunt / Ogerpon-Hearthflame / Alomomola / Gardevoir</em></div><div class="chat chatmessage-kayaniaso"><strong style="color:#3b74a5"><small class="groupsymbol">☆</small><span class="username">KayaniAso</span>:</strong> <em>GL hf</em></div><div class="chat chatmessage-stargn"><strong style="color:#487cbf"><small class="groupsymbol">☆</small><span class="username">StarGN</span>:</strong> <em>glhf!</em></div><div class="chat"><small> Virtual Paradise and  Astro Rifk joined</small></div><div class="chat chatmessage-astrorifk"><strong style="color:#226fe1"><small class="groupsymbol"> </small><span class="username">Astro Rifk</span>:</strong> <em>gm</em></div><div class="chat chatmessage-kayaniaso"><strong style="color:#3b74a5"><small class="groupsymbol">☆</small><span class="username">KayaniAso</span>:</strong> <em>GM</em></div><div class="chat chatmessage-virtualparadise"><strong style="color:#8659cf"><small class="groupsymbol"> </small><span class="username">Virtual Paradise</span>:</strong> <em>heyyyy besties</em></div><div class="chat chatmessage-kayaniaso"><strong style="color:#3b74a5"><small class="groupsymbol">☆</small><span class="username">KayaniAso</span>:</strong> <em>Fuck, just noticed it didn't fucking autocorrect the name for one of my mons</em></div><div class="chat chatmessage-kayaniaso"><strong style="color:#3b74a5"><small class="groupsymbol">☆</small><span class="username">KayaniAso</span>:</strong> <em>Damn</em></div><div class="chat chatmessage-kayaniaso"><strong style="color:#3b74a5"><small class="groupsymbol">☆</small><span class="username">KayaniAso</span>:</strong> <em>Gotta restart</em></div><div class="chat chatmessage-kayaniaso"><strong style="color:#3b74a5"><small class="groupsymbol">☆</small><span class="username">KayaniAso</span>:</strong> <em>Oh weeell</em></div><div class="chat chatmessage-stargn"><strong style="color:#487cbf"><small class="groupsymbol">☆</small><span class="username">StarGN</span>:</strong> <em>naurrrrrrrrrrrrr</em></div><div class="chat"><small> DiwanyaFae joined</small></div><div class="spacer battle-history"><br></div><div class="battle-history">Battle started between KayaniAso and StarGN!<br></div><div class="spacer battle-history"><br></div><div class="battle-history">Go! Burrito (<strong>Flareon</strong>)!<br></div><div class="spacer battle-history"><br></div><div class="battle-history">StarGN sent out Go Back (<strong>Urshifu</strong>)!<br></div><div class="spacer battle-history"><br></div><h2 class="battle-history">Turn 1</h2><div class="spacer battle-history"><br></div><div class="battle-history"><small>Burrito has Terastallized into the Fairy-type!</small><br></div><div class="spacer battle-history"><br></div><div class="battle-history">The opposing Go Back used <strong>Wicked Blow</strong>!<br></div><div class="battle-history"><small>It's not very effective...</small><br></div><div class="battle-history"><small>A critical hit!</small><br></div><div class="battle-history"><small>(Burrito lost 49% of its health!)</small><br></div><div class="spacer battle-history"><br></div><div class="battle-history">Burrito used <strong>Tera Blast</strong>!<br></div><div class="battle-history"><small>It's super effective!</small><br></div><div class="battle-history"><small>The opposing Go Back hung on using its Focus Sash!</small><br></div><div class="battle-history"><small>(The opposing Go Back lost 99% of its health!)</small><br></div><div class="spacer battle-history"><br></div><div class="battle-history"><small>Burrito was burned by the Flame Orb!</small><br></div><div class="spacer battle-history"><br></div><h2 class="battle-history">Turn 2</h2><div class="chat"><small> 5W466Y.exe joined</small></div><div class="chat chatmessage-kayaniaso"><strong style="color:#3b74a5"><small class="groupsymbol">☆</small><span class="username">KayaniAso</span>:</strong> <em>Sash</em></div><div class="chat chatmessage-kayaniaso"><strong style="color:#3b74a5"><small class="groupsymbol">☆</small><span class="username">KayaniAso</span>:</strong> <em>C'mon</em></div><div class="chat chatmessage-kayaniaso"><strong style="color:#3b74a5"><small class="groupsymbol">☆</small><span class="username">KayaniAso</span>:</strong> <em>Really?</em></div><div class="chat chatmessage-kayaniaso"><strong style="color:#3b74a5"><small class="groupsymbol">☆</small><span class="username">KayaniAso</span>:</strong> <em>:(</em></div><div class="spacer battle-history"><br></div><div class="battle-history">The opposing Go Back used <strong>Close Combat</strong>!<br></div><div class="battle-history"><small>It's not very effective...</small><br></div><div class="battle-history"><small>(Burrito lost 51% of its health!)</small><br></div><div class="battle-history"><small>The opposing Go Back's Defense fell!</small><br></div><div class="battle-history"><small>The opposing Go Back's Sp. Def fell!</small><br></div><div class="spacer battle-history"><br></div><div class="battle-history">Burrito fainted!<br></div><div class="chat chatmessage-stargn"><strong style="color:#487cbf"><small class="groupsymbol">☆</small><span class="username">StarGN</span>:</strong> <em>sorry flareon....</em></div><div class="spacer battle-history"><br></div><div class="battle-history">Go! MerryChristmas (<strong>Sceptile</strong>)!<br></div><div class="spacer battle-history"><br></div><h2 class="battle-history">Turn 3</h2><div class="spacer battle-history"><br></div><div class="battle-history">StarGN withdrew Go Back!<br></div><div class="battle-history">StarGN sent out Frozen In Time (<strong>Celesteela</strong>)!<br></div><div class="spacer battle-history"><br></div><div class="battle-history"><small>MerryChristmas's Sceptilite is reacting to the Key Stone!</small><br>MerryChristmas has Mega Evolved into Mega Sceptile!<br></div><div class="spacer battle-history"><br></div><div class="battle-history">MerryChristmas used <strong>Vacuum Wave</strong>!<br></div><div class="battle-history"><small>(The opposing Frozen In Time lost 13% of its health!)</small><br></div><div class="spacer battle-history"><br></div><div class="battle-history"><small>The opposing Frozen In Time restored a little HP using its Leftovers!</small><br></div><div class="spacer battle-history"><br></div><h2 class="battle-history">Turn 4</h2><div class="spacer battle-history"><br></div><div class="battle-history">MerryChristmas used <strong>Leech Seed</strong>!<br></div><div class="battle-history"><small>The opposing Frozen In Time was seeded!</small><br></div><div class="spacer battle-history"><br></div><div class="battle-history">The opposing Frozen In Time used <strong>Heavy Slam</strong>!<br></div><div class="battle-history"><small>(MerryChristmas lost 58% of its health!)</small><br></div><div class="spacer battle-history"><br></div><div class="battle-history"><small>The opposing Frozen In Time restored a little HP using its Leftovers!</small><br></div><div class="battle-history"><small>The opposing Frozen In Time's health is sapped by Leech Seed!</small><br></div><div class="spacer battle-history"><br></div><h2 class="battle-history">Turn 5</h2><div class="spacer battle-history"><br></div><div class="battle-history">MerryChristmas, come back!<br></div><div class="battle-history">Go! Bad Mother (<strong>Mandibuzz</strong>)!<br></div><div class="spacer battle-history"><br></div><div class="battle-history">StarGN withdrew Frozen In Time!<br></div><div class="battle-history">StarGN sent out Power Of Love (<strong>Gardevoir</strong>)!<br></div><div class="spacer battle-history"><br></div><h2 class="battle-history">Turn 6</h2><div class="chat"><small> psydomia joined</small></div><div class="spacer battle-history"><br></div><div class="battle-history">Bad Mother, come back!<br></div><div class="battle-history">Go! Don'tGoogleMe (<strong>Eelektross</strong>)!<br></div><div class="spacer battle-history"><br></div><div class="battle-history"><small>The opposing Power Of Love's Gardevoirite is reacting to the Key Stone!</small><br>The opposing Power Of Love has Mega Evolved into Mega Gardevoir!<br></div><div class="spacer battle-history"><br></div><div class="battle-history">The opposing Power Of Love used <strong>Hyper Voice</strong>!<br></div><div class="battle-history"><small>(Don'tGoogleMe lost 43% of its health!)</small><br></div><div class="spacer battle-history"><br></div><h2 class="battle-history">Turn 7</h2><div class="spacer battle-history"><br></div><div class="battle-history">The opposing Power Of Love used <strong>Psyshock</strong>!<br></div><div class="battle-history"><small>(Don'tGoogleMe lost 57% of its health!)</small><br></div><div class="spacer battle-history"><br></div><div class="battle-history">Don'tGoogleMe fainted!<br></div><div class="chat chatmessage-kayaniaso"><strong style="color:#3b74a5"><small class="groupsymbol">☆</small><span class="username">KayaniAso</span>:</strong> <em>Damn</em></div><div class="chat chatmessage-virtualparadise"><strong style="color:#8659cf"><small class="groupsymbol"> </small><span class="username">Virtual Paradise</span>:</strong> <em>thats the power of love</em></div><div class="chat chatmessage-stargn"><strong style="color:#487cbf"><small class="groupsymbol">☆</small><span class="username">StarGN</span>:</strong> <em>Power Of Love starts playing</em></div><div class="spacer battle-history"><br></div><div class="battle-history">Go! Shitty Bricks (<strong>Kangaskhan</strong>)!<br></div><div class="spacer battle-history"><br></div><h2 class="battle-history">Turn 8</h2><div class="spacer battle-history"><br></div><div class="battle-history">StarGN withdrew Power Of Love!<br></div><div class="battle-history">StarGN sent out Isn't It Over? (<strong>Pecharunt</strong>)!<br></div><div class="spacer battle-history"><br></div><div class="battle-history">Shitty Bricks used <strong>Shadow Claw</strong>!<br></div><div class="battle-history"><small>It's super effective!</small><br></div><div class="battle-history"><small>(The opposing Isn't It Over? lost 15% of its health!)</small><br></div><div class="battle-history"><small>(The opposing Isn't It Over? used its Weakness Policy!)</small><br></div><div class="battle-history"><small>The Weakness Policy sharply raised the opposing Isn't It Over?'s Attack!</small><br></div><div class="battle-history"><small>The Weakness Policy sharply raised the opposing Isn't It Over?'s Sp. Atk!</small><br></div><div class="spacer battle-history"><br></div><h2 class="battle-history">Turn 9</h2><div class="chat chatmessage-virtualparadise"><strong style="color:#8659cf"><small class="groupsymbol"> </small><span class="username">Virtual Paradise</span>:</strong> <em>chip</em></div><div class="chat chatmessage-stargn"><strong style="color:#487cbf"><small class="groupsymbol">☆</small><span class="username">StarGN</span>:</strong> <em>ty &lt;3</em></div><div class="spacer battle-history"><br></div><div class="battle-history">Shitty Bricks used <strong>Shadow Ball</strong>!<br></div><div class="battle-history"><small>It's super effective!</small><br></div><div class="battle-history"><small>(The opposing Isn't It Over? lost 26% of its health!)</small><br></div><div class="spacer battle-history"><br></div><div class="battle-history">The opposing Isn't It Over? used <strong>Malignant Chain</strong>!<br></div><div class="battle-history"><small>(Shitty Bricks lost 62% of its health!)</small><br></div><div class="spacer battle-history"><br></div><h2 class="battle-history">Turn 10</h2><div class="spacer battle-history"><br></div><div class="battle-history">Shitty Bricks used <strong>Disable</strong>!<br></div><div class="battle-history"><small>The opposing Isn't It Over?'s Malignant Chain was disabled!</small><br></div><div class="spacer battle-history"><br></div><div class="battle-history">The opposing Isn't It Over? used <strong>Recover</strong>!<br></div><div class="battle-history"><small>The opposing Isn't It Over? had its HP restored.</small><br></div><div class="spacer battle-history"><br></div><h2 class="battle-history">Turn 11</h2><div class="spacer battle-history"><br></div><div class="battle-history">Shitty Bricks used <strong>Shadow Ball</strong>!<br></div><div class="battle-history"><small>It's super effective!</small><br></div><div class="battle-history"><small>(The opposing Isn't It Over? lost 27% of its health!)</small><br></div><div class="spacer battle-history"><br></div><div class="battle-history">The opposing Isn't It Over? used <strong>Nasty Plot</strong>!<br></div><div class="battle-history"><small>The opposing Isn't It Over?'s Sp. Atk rose sharply!</small><br></div><div class="spacer battle-history"><br></div><h2 class="battle-history">Turn 12</h2><div class="spacer battle-history"><br></div><div class="battle-history">Shitty Bricks used <strong>Shadow Ball</strong>!<br></div><div class="battle-history"><small>It's super effective!</small><br></div><div class="battle-history"><small>(The opposing Isn't It Over? lost 27% of its health!)</small><br></div><div class="spacer battle-history"><br></div><div class="battle-history">The opposing Isn't It Over? used <strong>Recover</strong>!<br></div><div class="battle-history"><small>The opposing Isn't It Over? had its HP restored.</small><br></div><div class="spacer battle-history"><br></div><h2 class="battle-history">Turn 13</h2><div class="spacer battle-history"><br></div><div class="battle-history">Shitty Bricks used <strong>Shadow Ball</strong>!<br></div><div class="battle-history"><small>It's super effective!</small><br></div><div class="battle-history"><small>(The opposing Isn't It Over? lost 28% of its health!)</small><br></div><div class="spacer battle-history"><br></div><div class="battle-history">The opposing Isn't It Over? used <strong>Nasty Plot</strong>!<br></div><div class="battle-history"><small>The opposing Isn't It Over?'s Sp. Atk rose sharply!</small><br></div><div class="spacer battle-history"><br></div><div class="battle-history"><small>The opposing Isn't It Over?'s move is no longer disabled!</small><br></div><div class="spacer battle-history"><br></div><h2 class="battle-history">Turn 14</h2><div class="chat chatmessage-kayaniaso"><strong style="color:#3b74a5"><small class="groupsymbol">☆</small><span class="username">KayaniAso</span>:</strong> <em>This went south real quick</em></div><div class="chat chatmessage-kayaniaso"><strong style="color:#3b74a5"><small class="groupsymbol">☆</small><span class="username">KayaniAso</span>:</strong> <em>Lol</em></div><div class="chat chatmessage-stargn"><strong style="color:#487cbf"><small class="groupsymbol">☆</small><span class="username">StarGN</span>:</strong> <em>yeah pecharunt is a pokemon all right</em></div><div class="spacer battle-history"><br></div><div class="battle-history">Shitty Bricks used <strong>Shadow Ball</strong>!<br></div><div class="battle-history"><small>It's super effective!</small><br></div><div class="battle-history"><small>(The opposing Isn't It Over? lost 28% of its health!)</small><br></div><div class="spacer battle-history"><br></div><div class="battle-history">The opposing Isn't It Over? used <strong>Recover</strong>!<br></div><div class="battle-history"><small>The opposing Isn't It Over? had its HP restored.</small><br></div><div class="spacer battle-history"><br></div><h2 class="battle-history">Turn 15</h2><div class="spacer battle-history"><br></div><div class="battle-history">Shitty Bricks used <strong>Shadow Ball</strong>!<br></div><div class="battle-history"><small>It's super effective!</small><br></div><div class="battle-history"><small>(The opposing Isn't It Over? lost 28% of its health!)</small><br></div><div class="spacer battle-history"><br></div><div class="battle-history">The opposing Isn't It Over? used <strong>Malignant Chain</strong>!<br></div><div class="battle-history"><small>(Shitty Bricks lost 38% of its health!)</small><br></div><div class="spacer battle-history"><br></div><div class="battle-history">Shitty Bricks fainted!<br></div><div class="spacer battle-history"><br></div><div class="battle-history">Go! Silver Knigjt (<strong>Iron Valiant</strong>)!<br></div><div class="battle-history"><small>(Silver Knigjt used its Booster Energy!)</small><br></div><div class="battle-history">[Silver Knigjt's Quark Drive]<br><small>Silver Knigjt used its Booster Energy to activate its Quark Drive!</small><br></div><div class="battle-history"><small>Silver Knigjt's Speed was heightened!</small><br></div><div class="spacer battle-history"><br></div><h2 class="battle-history">Turn 16</h2><div class="spacer battle-history"><br></div><div class="battle-history">Silver Knigjt used <strong>Psychic</strong>!<br></div><div class="battle-history"><small>It's super effective!</small><br></div><div class="battle-history"><small>(The opposing Isn't It Over? lost 46% of its health!)</small><br></div><div class="spacer battle-history"><br></div><div class="battle-history">The opposing Isn't It Over? used <strong>Malignant Chain</strong>!<br></div><div class="battle-history"><small>It's super effective!</small><br></div><div class="battle-history"><small>(Silver Knigjt lost 100% of its health!)</small><br></div><div class="spacer battle-history"><br></div><div class="battle-history">Silver Knigjt fainted!<br></div><div class="chat chatmessage-kayaniaso"><strong style="color:#3b74a5"><small class="groupsymbol">☆</small><span class="username">KayaniAso</span>:</strong> <em>Doesn't kill sadge</em></div><div class="chat chatmessage-kayaniaso"><strong style="color:#3b74a5"><small class="groupsymbol">☆</small><span class="username">KayaniAso</span>:</strong> <em>Yep</em></div><div class="chat chatmessage-stargn"><strong style="color:#487cbf"><small class="groupsymbol">☆</small><span class="username">StarGN</span>:</strong> <em>pecharunt moment...</em></div><div class="chat chatmessage-kayaniaso"><strong style="color:#3b74a5"><small class="groupsymbol">☆</small><span class="username">KayaniAso</span>:</strong> <em>I predicted the future</em></div><div class="chat chatmessage-kayaniaso"><strong style="color:#3b74a5"><small class="groupsymbol">☆</small><span class="username">KayaniAso</span>:</strong> <em>6-0 incoming</em></div><div class="chat chatmessage-stargn"><strong style="color:#487cbf"><small class="groupsymbol">☆</small><span class="username">StarGN</span>:</strong> <em>Isn't It Over starts playing too...</em></div><div class="spacer battle-history"><br></div><div class="battle-history">Go! Bad Mother (<strong>Mandibuzz</strong>)!<br></div><div class="spacer battle-history"><br></div><h2 class="battle-history">Turn 17</h2><div class="chat chatmessage-stargn"><strong style="color:#487cbf"><small class="groupsymbol">☆</small><span class="username">StarGN</span>:</strong> <em>tbf on your end it wasnt with celesteela!</em></div><div class="spacer battle-history"><br></div><div class="battle-history">StarGN withdrew Isn't It Over?!<br></div><div class="battle-history">StarGN sent out Power Of Love (<strong>Gardevoir-Mega</strong>)!<br></div><div class="spacer battle-history"><br></div><div class="battle-history">Bad Mother used <strong>Dark Pulse</strong>!<br></div><div class="battle-history"><small>(The opposing Power Of Love lost 16% of its health!)</small><br></div><div class="spacer battle-history"><br></div><h2 class="battle-history">Turn 18</h2><div class="spacer battle-history"><br></div><div class="battle-history">The opposing Power Of Love used <strong>Hyper Voice</strong>!<br></div><div class="battle-history"><small>It's super effective!</small><br></div><div class="battle-history"><small>(Bad Mother lost 100% of its health!)</small><br></div><div class="spacer battle-history"><br></div><div class="battle-history">Bad Mother fainted!<br></div><div class="spacer battle-history"><br></div><div class="battle-history">Go! MerryChristmas (<strong>Sceptile-Mega</strong>)!<br></div><div class="spacer battle-history"><br></div><h2 class="battle-history">Turn 19</h2><div class="chat chatmessage-kayaniaso"><strong style="color:#3b74a5"><small class="groupsymbol">☆</small><span class="username">KayaniAso</span>:</strong> <em>Welp ggs</em></div><div class="spacer battle-history"><br></div><div class="battle-history">MerryChristmas used <strong>Giga Drain</strong>!<br></div><div class="battle-history"><small>(The opposing Power Of Love lost 42% of its health!)</small><br></div><div class="battle-history"><small>The opposing Power Of Love had its energy drained!</small><br></div><div class="spacer battle-history"><br></div><div class="battle-history">The opposing Power Of Love used <strong>Hyper Voice</strong>!<br></div><div class="battle-history"><small>It's super effective!</small><br></div><div class="battle-history"><small>(MerryChristmas lost 80% of its health!)</small><br></div><div class="spacer battle-history"><br></div><div class="battle-history">MerryChristmas fainted!<br></div><div class="spacer battle-history"><br></div><div class="battle-history"><strong>StarGN</strong> won the battle!<br></div><div class="chat chatmessage-stargn"><strong style="color:#487cbf"><small class="groupsymbol">☆</small><span class="username">StarGN</span>:</strong> <em>ggs</em></div></div><div class="inner-preempt message-log"></div></div></div>
</div>
<script>
let daily = Math.floor(Date.now()/1000/60/60/24);document.write('<script src="https://play.pokemonshowdown.com/js/replay-embed.js?version'+daily+'"></'+'script>');
</script>
