<!DOCTYPE html>
<meta charset="utf-8" />
<!-- version 1 -->
<title>[Gen 9] NatDex Draft replay: tokingpanda vs. Chugaroo</title>
<style>
html,body {font-family:Verdana, sans-serif;font-size:10pt;margin:0;padding:0;}body{padding:12px 0;} .battle-log {font-family:Verdana, sans-serif;font-size:10pt;} .battle-log-inline {border:1px solid #AAAAAA;background:#EEF2F5;color:black;max-width:640px;margin:0 auto 80px;padding-bottom:5px;} .battle-log .inner {padding:4px 8px 0px 8px;} .battle-log .inner-preempt {padding:0 8px 4px 8px;} .battle-log .inner-after {margin-top:0.5em;} .battle-log h2 {margin:0.5em -8px;padding:4px 8px;border:1px solid #AAAAAA;background:#E0E7EA;border-left:0;border-right:0;font-family:Verdana, sans-serif;font-size:13pt;} .battle-log .chat {vertical-align:middle;padding:3px 0 3px 0;font-size:8pt;} .battle-log .chat strong {color:#40576A;} .battle-log .chat em {padding:1px 4px 1px 3px;color:#000000;font-style:normal;} .chat.mine {background:rgba(0,0,0,0.05);margin-left:-8px;margin-right:-8px;padding-left:8px;padding-right:8px;} .spoiler {color:#BBBBBB;background:#BBBBBB;padding:0px 3px;} .spoiler:hover, .spoiler:active, .spoiler-shown {color:#000000;background:#E2E2E2;padding:0px 3px;} .spoiler a {color:#BBBBBB;} .spoiler:hover a, .spoiler:active a, .spoiler-shown a {color:#2288CC;} .chat code, .chat .spoiler:hover code, .chat .spoiler:active code, .chat .spoiler-shown code {border:1px solid #C0C0C0;background:#EEEEEE;color:black;padding:0 2px;} .chat .spoiler code {border:1px solid #CCCCCC;background:#CCCCCC;color:#CCCCCC;} .battle-log .rated {padding:3px 4px;} .battle-log .rated strong {color:white;background:#89A;padding:1px 4px;border-radius:4px;} .spacer {margin-top:0.5em;} .message-announce {background:#6688AA;color:white;padding:1px 4px 2px;} .message-announce a, .broadcast-green a, .broadcast-blue a, .broadcast-red a {color:#DDEEFF;} .broadcast-green {background-color:#559955;color:white;padding:2px 4px;} .broadcast-blue {background-color:#6688AA;color:white;padding:2px 4px;} .infobox {border:1px solid #6688AA;padding:2px 4px;} .infobox-limited {max-height:200px;overflow:auto;overflow-x:hidden;} .broadcast-red {background-color:#AA5544;color:white;padding:2px 4px;} .message-learn-canlearn {font-weight:bold;color:#228822;text-decoration:underline;} .message-learn-cannotlearn {font-weight:bold;color:#CC2222;text-decoration:underline;} .message-effect-weak {font-weight:bold;color:#CC2222;} .message-effect-resist {font-weight:bold;color:#6688AA;} .message-effect-immune {font-weight:bold;color:#666666;} .message-learn-list {margin-top:0;margin-bottom:0;} .message-throttle-notice, .message-error {color:#992222;} .message-overflow, .chat small.message-overflow {font-size:0pt;} .message-overflow::before {font-size:9pt;content:'...';} .subtle {color:#3A4A66;}
</style>
<div class="wrapper replay-wrapper" style="max-width:1180px;margin:0 auto">
<input type="hidden" name="replayid" value="gen9natdexdraft-2361987306" />
<div class="battle"></div><div class="battle-log"></div><div class="replay-controls"></div><div class="replay-controls-2"></div>
<h1 style="font-weight:normal;text-align:center"><strong>[Gen 9] NatDex Draft</strong><br /><a href="http://pokemonshowdown.com/users/tokingpanda" class="subtle" target="_blank">tokingpanda</a> vs. <a href="http://pokemonshowdown.com/users/chugaroo" class="subtle" target="_blank">Chugaroo</a></h1>
<script type="text/plain" class="battle-log-data">
|j|☆tokingpanda
|j|☆Chugaroo
|t:|1747010320
|gametype|singles
|player|p1|tokingpanda|170|
|player|p2|Chugaroo|shadowtriad|
|teamsize|p1|6
|teamsize|p2|6
|gen|9
|tier|[Gen 9] NatDex Draft
|rule|Sleep Clause Mod: Limit one foe put to sleep
|rule|OHKO Clause: OHKO moves are banned
|rule|Evasion Clause: Evasion abilities, items, and moves are banned
|rule|Evasion Abilities Clause: Evasion abilities are banned
|rule|Evasion Items Clause: Evasion items are banned
|rule|Evasion Moves Clause: Evasion moves are banned
|rule|Endless Battle Clause: Forcing endless battles is banned
|rule|HP Percentage Mod: HP is shown in percentages
|clearpoke
|poke|p1|Comfey, F|
|poke|p1|Ogerpon-Wellspring, F|
|poke|p1|Noivern, F|
|poke|p1|Chandelure, M|
|poke|p1|Pecharunt|
|poke|p1|Jirachi|
|poke|p2|Terapagos, M|
|poke|p2|Hydreigon, M|
|poke|p2|Sylveon, M|
|poke|p2|Eelektross, F|
|poke|p2|Sneasler, F|
|poke|p2|Mesprit|
|teampreview
|c|☆Chugaroo|glhf!
|c|☆tokingpanda|gl!
|j| Soapyboogas
|
|t:|1747010397
|start
|switch|p1a: Ogerpon|Ogerpon-Wellspring, F|100\/100
|switch|p2a: Faith|Mesprit|100\/100
|turn|1
|
|t:|1747010423
|move|p1a: Ogerpon|Taunt|p2a: Faith
|-start|p2a: Faith|move: Taunt
|cant|p2a: Faith|move: Taunt|Stealth Rock
|
|upkeep
|turn|2
|j| Jackstrick321
|
|t:|1747010485
|move|p1a: Ogerpon|Ivy Cudgel|p2a: Faith|[anim] Ivy Cudgel Water
|-damage|p2a: Faith|41\/100
|move|p2a: Faith|U-turn|p1a: Ogerpon
|-supereffective|p1a: Ogerpon
|-damage|p1a: Ogerpon|60\/100
|
|t:|1747010501
|switch|p2a: Unagi|Eelektross, F|100\/100|[from] U-turn
|
|upkeep
|turn|3
|
|t:|1747010577
|move|p1a: Ogerpon|Ivy Cudgel|p2a: Unagi|[anim] Ivy Cudgel Water
|-damage|p2a: Unagi|38\/100
|move|p2a: Unagi|Knock Off|p1a: Ogerpon
|-damage|p1a: Ogerpon|33\/100
|
|upkeep
|turn|4
|
|t:|1747010592
|switch|p2a: Faith|Mesprit|41\/100
|move|p1a: Ogerpon|Ivy Cudgel|p2a: Faith|[anim] Ivy Cudgel Water
|-damage|p2a: Faith|0 fnt
|faint|p2a: Faith
|
|upkeep
|
|t:|1747010626
|switch|p2a: Gamora|Terapagos, M|100\/100
|-activate|p2a: Gamora|ability: Tera Shift
|detailschange|p2a: Gamora|Terapagos-Terastal, M
|-heal|p2a: Gamora|100\/100|[silent]
|turn|5
|
|t:|1747010675
|move|p1a: Ogerpon|U-turn|p2a: Gamora
|-activate|p2a: Gamora|ability: Tera Shell
|-resisted|p2a: Gamora
|-damage|p2a: Gamora|89\/100
|-damage|p1a: Ogerpon|16\/100|[from] item: Rocky Helmet|[of] p2a: Gamora
|
|t:|1747010685
|switch|p1a: Jirachi|Jirachi|100\/100|[from] U-turn
|move|p2a: Gamora|Dark Pulse|p1a: Jirachi
|-supereffective|p1a: Jirachi
|-damage|p1a: Jirachi|49\/100
|
|-heal|p1a: Jirachi|56\/100|[from] item: Leftovers
|upkeep
|turn|6
|
|t:|1747010731
|move|p1a: Jirachi|Iron Head|p2a: Gamora
|-damage|p2a: Gamora|57\/100
|-damage|p1a: Jirachi|39\/100|[from] item: Rocky Helmet|[of] p2a: Gamora
|cant|p2a: Gamora|flinch
|
|-heal|p1a: Jirachi|45\/100|[from] item: Leftovers
|upkeep
|turn|7
|
|t:|1747010754
|move|p1a: Jirachi|Iron Head|p2a: Gamora
|-damage|p2a: Gamora|26\/100
|-damage|p1a: Jirachi|29\/100|[from] item: Rocky Helmet|[of] p2a: Gamora
|cant|p2a: Gamora|flinch
|
|-heal|p1a: Jirachi|35\/100|[from] item: Leftovers
|upkeep
|turn|8
|
|t:|1747010773
|switch|p2a: Wolverine|Sneasler, F|100\/100
|move|p1a: Jirachi|Iron Head|p2a: Wolverine
|-damage|p2a: Wolverine|34\/100
|
|-heal|p1a: Jirachi|41\/100|[from] item: Leftovers
|upkeep
|turn|9
|
|t:|1747010799
|switch|p1a: Pecharunt|Pecharunt|100\/100
|move|p2a: Wolverine|Night Slash|p1a: Pecharunt
|-supereffective|p1a: Pecharunt
|-damage|p1a: Pecharunt|75\/100
|
|-heal|p1a: Pecharunt|81\/100|[from] item: Black Sludge
|upkeep
|turn|10
|
|t:|1747010855
|switch|p2a: Bully|Hydreigon, M|100\/100
|move|p1a: Pecharunt|Malignant Chain|p2a: Bully
|-damage|p2a: Bully|64\/100
|
|-heal|p1a: Pecharunt|87\/100|[from] item: Black Sludge
|upkeep
|turn|11
|
|t:|1747010883
|switch|p1a: Comfey|Comfey, F|100\/100
|move|p2a: Bully|Dark Pulse|p1a: Comfey
|-resisted|p1a: Comfey
|-damage|p1a: Comfey|73\/100
|-damage|p2a: Bully|55\/100|[from] item: Life Orb
|
|upkeep
|turn|12
|
|t:|1747010961
|switch|p2a: Miku|Sylveon, M, shiny|100\/100
|move|p1a: Comfey|Draining Kiss|p2a: Miku
|-damage|p2a: Miku|86\/100
|-heal|p1a: Comfey|88\/100|[from] drain|[of] p2a: Miku
|-damage|p1a: Comfey|78\/100|[from] item: Life Orb
|
|-heal|p2a: Miku|92\/100|[from] item: Leftovers
|upkeep
|turn|13
|
|t:|1747010980
|switch|p1a: Jirachi|Jirachi|41\/100
|move|p2a: Miku|Wish|p2a: Miku
|
|-heal|p1a: Jirachi|47\/100|[from] item: Leftovers
|-heal|p2a: Miku|98\/100|[from] item: Leftovers
|upkeep
|turn|14
|
|t:|1747010997
|switch|p2a: Unagi|Eelektross, F|38\/100
|move|p1a: Jirachi|Iron Head|p2a: Unagi
|-resisted|p2a: Unagi
|-damage|p2a: Unagi|18\/100
|
|-heal|p2a: Unagi|71\/100|[from] move: Wish|[wisher] Miku
|-heal|p1a: Jirachi|53\/100|[from] item: Leftovers
|upkeep
|turn|15
|
|t:|1747011038
|switch|p1a: Ogerpon|Ogerpon-Wellspring, F|16\/100
|move|p2a: Unagi|Knock Off|p1a: Ogerpon
|-crit|p1a: Ogerpon
|-damage|p1a: Ogerpon|0 fnt
|faint|p1a: Ogerpon
|
|upkeep
|
|t:|1747011057
|switch|p1a: Noivern|Noivern, F|100\/100
|turn|16
|
|t:|1747011109
|-terastallize|p1a: Noivern|Normal
|-terastallize|p2a: Unagi|Electric
|move|p1a: Noivern|Boomburst|p2a: Unagi
|-damage|p2a: Unagi|2\/100
|move|p2a: Unagi|Wild Charge|p1a: Noivern
|-damage|p1a: Noivern|16\/100
|-damage|p2a: Unagi|0 fnt|[from] Recoil
|faint|p2a: Unagi
|
|upkeep
|
|t:|1747011119
|switch|p2a: Wolverine|Sneasler, F|34\/100
|turn|17
|
|t:|1747011137
|switch|p1a: Pecharunt|Pecharunt|87\/100
|move|p2a: Wolverine|Fake Out|p1a: Pecharunt
|-immune|p1a: Pecharunt
|
|-heal|p1a: Pecharunt|93\/100|[from] item: Black Sludge
|upkeep
|turn|18
|
|t:|1747011169
|switch|p2a: Gamora|Terapagos-Terastal, M|26\/100
|move|p1a: Pecharunt|Malignant Chain|p2a: Gamora
|-damage|p2a: Gamora|2\/100
|-status|p2a: Gamora|tox
|-start|p2a: Gamora|confusion|[from] ability: Poison Puppeteer|[of] p1a: Pecharunt
|
|-heal|p1a: Pecharunt|99\/100|[from] item: Black Sludge
|-damage|p2a: Gamora|0 fnt|[from] psn
|faint|p2a: Gamora
|upkeep
|
|t:|1747011178
|switch|p2a: Bully|Hydreigon, M|55\/100
|turn|19
|
|t:|1747011209
|switch|p1a: Comfey|Comfey, F|78\/100
|move|p2a: Bully|U-turn|p1a: Comfey
|-resisted|p1a: Comfey
|-damage|p1a: Comfey|66\/100
|-damage|p2a: Bully|45\/100|[from] item: Life Orb
|
|t:|1747011215
|switch|p2a: Miku|Sylveon, M, shiny|98\/100|[from] U-turn
|
|-heal|p2a: Miku|100\/100|[from] item: Leftovers
|upkeep
|turn|20
|
|t:|1747011226
|move|p1a: Comfey|Calm Mind|p1a: Comfey
|-boost|p1a: Comfey|spa|1
|-boost|p1a: Comfey|spd|1
|move|p2a: Miku|Wish|p2a: Miku
|
|upkeep
|turn|21
|
|t:|1747011235
|move|p1a: Comfey|Calm Mind|p1a: Comfey
|-boost|p1a: Comfey|spa|1
|-boost|p1a: Comfey|spd|1
|move|p2a: Miku|Hyper Voice|p1a: Comfey
|-damage|p1a: Comfey|43\/100
|
|upkeep
|turn|22
|
|t:|1747011263
|move|p1a: Comfey|Synthesis|p1a: Comfey
|-heal|p1a: Comfey|93\/100
|move|p2a: Miku|Hyper Voice|p1a: Comfey
|-damage|p1a: Comfey|72\/100
|
|upkeep
|turn|23
|
|t:|1747011269
|move|p1a: Comfey|Calm Mind|p1a: Comfey
|-boost|p1a: Comfey|spa|1
|-boost|p1a: Comfey|spd|1
|move|p2a: Miku|Wish|p2a: Miku
|
|upkeep
|turn|24
|
|t:|1747011281
|switch|p2a: Wolverine|Sneasler, F|34\/100
|move|p1a: Comfey|Draining Kiss|p2a: Wolverine
|-damage|p2a: Wolverine|0 fnt
|-heal|p1a: Comfey|98\/100|[from] drain|[of] p2a: Wolverine
|faint|p2a: Wolverine
|-damage|p1a: Comfey|88\/100|[from] item: Life Orb
|
|upkeep
|
|t:|1747011286
|switch|p2a: Bully|Hydreigon, M|45\/100
|turn|25
|
|t:|1747011292
|move|p1a: Comfey|Draining Kiss|p2a: Bully
|-supereffective|p2a: Bully
|-damage|p2a: Bully|0 fnt
|-heal|p1a: Comfey|100\/100|[from] drain|[of] p2a: Bully
|faint|p2a: Bully
|-damage|p1a: Comfey|91\/100|[from] item: Life Orb
|
|upkeep
|
|t:|1747011294
|switch|p2a: Miku|Sylveon, M, shiny|100\/100
|turn|26
|l| Soapyboogas
|
|t:|1747011311
|move|p1a: Comfey|Draining Kiss|p2a: Miku
|-damage|p2a: Miku|63\/100
|-heal|p1a: Comfey|100\/100|[from] drain|[of] p2a: Miku
|-damage|p1a: Comfey|91\/100|[from] item: Life Orb
|move|p2a: Miku|Hyper Voice|p1a: Comfey
|-damage|p1a: Comfey|74\/100
|
|-heal|p2a: Miku|70\/100|[from] item: Leftovers
|upkeep
|turn|27
|
|t:|1747011320
|move|p1a: Comfey|Draining Kiss|p2a: Miku
|-damage|p2a: Miku|35\/100
|-heal|p1a: Comfey|100\/100|[from] drain|[of] p2a: Miku
|-damage|p1a: Comfey|91\/100|[from] item: Life Orb
|move|p2a: Miku|Wish|p2a: Miku
|
|-heal|p2a: Miku|41\/100|[from] item: Leftovers
|upkeep
|turn|28
|
|t:|1747011340
|move|p1a: Comfey|Calm Mind|p1a: Comfey
|-boost|p1a: Comfey|spa|1
|-boost|p1a: Comfey|spd|1
|move|p2a: Miku|Hyper Voice|p1a: Comfey
|-damage|p1a: Comfey|76\/100
|
|-heal|p2a: Miku|91\/100|[from] move: Wish|[wisher] Miku
|-heal|p2a: Miku|97\/100|[from] item: Leftovers
|upkeep
|turn|29
|
|t:|1747011357
|move|p1a: Comfey|Calm Mind|p1a: Comfey
|-boost|p1a: Comfey|spa|1
|-boost|p1a: Comfey|spd|1
|move|p2a: Miku|Hyper Voice|p1a: Comfey
|-damage|p1a: Comfey|64\/100
|
|-heal|p2a: Miku|100\/100|[from] item: Leftovers
|upkeep
|turn|30
|
|t:|1747011364
|move|p1a: Comfey|Draining Kiss|p2a: Miku
|-damage|p2a: Miku|52\/100
|-heal|p1a: Comfey|100\/100|[from] drain|[of] p2a: Miku
|-damage|p1a: Comfey|91\/100|[from] item: Life Orb
|move|p2a: Miku|Hyper Voice|p1a: Comfey
|-damage|p1a: Comfey|77\/100
|
|-heal|p2a: Miku|58\/100|[from] item: Leftovers
|upkeep
|turn|31
|
|t:|1747011375
|move|p1a: Comfey|Draining Kiss|p2a: Miku
|-damage|p2a: Miku|9\/100
|-heal|p1a: Comfey|100\/100|[from] drain|[of] p2a: Miku
|-damage|p1a: Comfey|91\/100|[from] item: Life Orb
|move|p2a: Miku|Hyper Voice|p1a: Comfey
|-damage|p1a: Comfey|77\/100
|
|-heal|p2a: Miku|15\/100|[from] item: Leftovers
|upkeep
|turn|32
|c|☆Chugaroo|gg
|
|t:|1747011384
|move|p1a: Comfey|Draining Kiss|p2a: Miku
|-damage|p2a: Miku|0 fnt
|-heal|p1a: Comfey|92\/100|[from] drain|[of] p2a: Miku
|faint|p2a: Miku
|-damage|p1a: Comfey|82\/100|[from] item: Life Orb
|
|win|tokingpanda
|c|☆tokingpanda|ggs!
|l| Jackstrick321
|l|☆tokingpanda
|player|p1|
|l|☆Chugaroo
|player|p2|
|j|☆tokingpanda
|player|p1|tokingpanda|170|

</script>
</div>
<div class="battle-log battle-log-inline"><div class="inner"><div class="battle-options"></div><div class="inner message-log"><div class="chat"><small>☆tokingpanda and ☆Chugaroo joined</small></div><div class=""><small>Format:</small> <br><strong>[Gen 9] NatDex Draft</strong></div><div class=""><small><em>Sleep Clause Mod:</em> Limit one foe put to sleep</small></div><div class=""><small><em>OHKO Clause:</em> OHKO moves are banned</small></div><div class=""><small><em>Evasion Clause:</em> Evasion abilities, items, and moves are banned</small></div><div class=""><small><em>Evasion Abilities Clause:</em> Evasion abilities are banned</small></div><div class=""><small><em>Evasion Items Clause:</em> Evasion items are banned</small></div><div class=""><small><em>Evasion Moves Clause:</em> Evasion moves are banned</small></div><div class=""><small><em>Endless Battle Clause:</em> Forcing endless battles is banned</small></div><div class=""><small><em>HP Percentage Mod:</em> HP is shown in percentages</small></div><div class="chat battle-history"><strong>tokingpanda's team:</strong> <em style="color:#445566;display:block;">Comfey / Ogerpon-Wellspring / Noivern / Chandelure / Pecharunt / Jirachi</em></div><div class="chat battle-history"><strong>Chugaroo's team:</strong> <em style="color:#445566;display:block;">Terapagos / Hydreigon / Sylveon / Eelektross / Sneasler / Mesprit</em></div><div class="chat chatmessage-chugaroo"><strong style="color:#0ea48e"><small class="groupsymbol">☆</small><span class="username">Chugaroo</span>:</strong> <em>glhf!</em></div><div class="chat chatmessage-tokingpanda"><strong style="color:#c02670"><small class="groupsymbol">☆</small><span class="username">tokingpanda</span>:</strong> <em>gl!</em></div><div class="chat"><small> Soapyboogas joined</small></div><div class="spacer battle-history"><br></div><div class="battle-history">Battle started between tokingpanda and Chugaroo!<br></div><div class="spacer battle-history"><br></div><div class="battle-history">Go! Ogerpon (<strong>Ogerpon-Wellspring</strong>)!<br></div><div class="spacer battle-history"><br></div><div class="battle-history">Chugaroo sent out Faith (<strong>Mesprit</strong>)!<br></div><div class="spacer battle-history"><br></div><h2 class="battle-history">Turn 1</h2><div class="spacer battle-history"><br></div><div class="battle-history">Ogerpon used <strong>Taunt</strong>!<br></div><div class="battle-history"><small>The opposing Faith fell for the taunt!</small><br></div><div class="spacer battle-history"><br></div><div class="battle-history">The opposing Faith can't use Stealth Rock after the taunt!<br></div><div class="spacer battle-history"><br></div><h2 class="battle-history">Turn 2</h2><div class="chat"><small> Jackstrick321 joined</small></div><div class="spacer battle-history"><br></div><div class="battle-history">Ogerpon used <strong>Ivy Cudgel</strong>!<br></div><div class="battle-history"><small>(The opposing Faith lost 59% of its health!)</small><br></div><div class="spacer battle-history"><br></div><div class="battle-history">The opposing Faith used <strong>U-turn</strong>!<br></div><div class="battle-history"><small>It's super effective!</small><br></div><div class="battle-history"><small>(Ogerpon lost 40% of its health!)</small><br></div><div class="spacer battle-history"><br></div><div class="battle-history">The opposing Faith went back to Chugaroo!<br></div><div class="battle-history">Chugaroo sent out Unagi (<strong>Eelektross</strong>)!<br></div><div class="spacer battle-history"><br></div><h2 class="battle-history">Turn 3</h2><div class="spacer battle-history"><br></div><div class="battle-history">Ogerpon used <strong>Ivy Cudgel</strong>!<br></div><div class="battle-history"><small>(The opposing Unagi lost 62% of its health!)</small><br></div><div class="spacer battle-history"><br></div><div class="battle-history">The opposing Unagi used <strong>Knock Off</strong>!<br></div><div class="battle-history"><small>(Ogerpon lost 27% of its health!)</small><br></div><div class="spacer battle-history"><br></div><h2 class="battle-history">Turn 4</h2><div class="spacer battle-history"><br></div><div class="battle-history">Chugaroo withdrew Unagi!<br></div><div class="battle-history">Chugaroo sent out Faith (<strong>Mesprit</strong>)!<br></div><div class="spacer battle-history"><br></div><div class="battle-history">Ogerpon used <strong>Ivy Cudgel</strong>!<br></div><div class="battle-history"><small>(The opposing Faith lost 41% of its health!)</small><br></div><div class="spacer battle-history"><br></div><div class="battle-history">The opposing Faith fainted!<br></div><div class="spacer battle-history"><br></div><div class="battle-history">Chugaroo sent out Gamora (<strong>Terapagos</strong>)!<br></div><div class="battle-history">[The opposing Gamora's Tera Shift]<br></div><div class="battle-history">The opposing Gamora transformed!<br></div><div class="spacer battle-history"><br></div><h2 class="battle-history">Turn 5</h2><div class="spacer battle-history"><br></div><div class="battle-history">Ogerpon used <strong>U-turn</strong>!<br></div><div class="battle-history">[The opposing Gamora's Tera Shell]<br><small>The opposing Gamora made its shell gleam! It's distorting type matchups!</small><br></div><div class="battle-history"><small>It's not very effective...</small><br></div><div class="battle-history"><small>(The opposing Gamora lost 11% of its health!)</small><br></div><div class="battle-history"><small>Ogerpon was hurt by the Rocky Helmet!</small><br></div><div class="spacer battle-history"><br></div><div class="battle-history">Ogerpon went back to tokingpanda!<br></div><div class="battle-history">Go! <strong>Jirachi</strong>!<br></div><div class="spacer battle-history"><br></div><div class="battle-history">The opposing Gamora used <strong>Dark Pulse</strong>!<br></div><div class="battle-history"><small>It's super effective!</small><br></div><div class="battle-history"><small>(Jirachi lost 51% of its health!)</small><br></div><div class="spacer battle-history"><br></div><div class="battle-history"><small>Jirachi restored a little HP using its Leftovers!</small><br></div><div class="spacer battle-history"><br></div><h2 class="battle-history">Turn 6</h2><div class="spacer battle-history"><br></div><div class="battle-history">Jirachi used <strong>Iron Head</strong>!<br></div><div class="battle-history"><small>(The opposing Gamora lost 32% of its health!)</small><br></div><div class="battle-history"><small>Jirachi was hurt by the Rocky Helmet!</small><br></div><div class="spacer battle-history"><br></div><div class="battle-history">The opposing Gamora flinched and couldn't move!<br></div><div class="spacer battle-history"><br></div><div class="battle-history"><small>Jirachi restored a little HP using its Leftovers!</small><br></div><div class="spacer battle-history"><br></div><h2 class="battle-history">Turn 7</h2><div class="spacer battle-history"><br></div><div class="battle-history">Jirachi used <strong>Iron Head</strong>!<br></div><div class="battle-history"><small>(The opposing Gamora lost 31% of its health!)</small><br></div><div class="battle-history"><small>Jirachi was hurt by the Rocky Helmet!</small><br></div><div class="spacer battle-history"><br></div><div class="battle-history">The opposing Gamora flinched and couldn't move!<br></div><div class="spacer battle-history"><br></div><div class="battle-history"><small>Jirachi restored a little HP using its Leftovers!</small><br></div><div class="spacer battle-history"><br></div><h2 class="battle-history">Turn 8</h2><div class="spacer battle-history"><br></div><div class="battle-history">Chugaroo withdrew Gamora!<br></div><div class="battle-history">Chugaroo sent out Wolverine (<strong>Sneasler</strong>)!<br></div><div class="spacer battle-history"><br></div><div class="battle-history">Jirachi used <strong>Iron Head</strong>!<br></div><div class="battle-history"><small>(The opposing Wolverine lost 66% of its health!)</small><br></div><div class="spacer battle-history"><br></div><div class="battle-history"><small>Jirachi restored a little HP using its Leftovers!</small><br></div><div class="spacer battle-history"><br></div><h2 class="battle-history">Turn 9</h2><div class="spacer battle-history"><br></div><div class="battle-history">Jirachi, come back!<br></div><div class="battle-history">Go! <strong>Pecharunt</strong>!<br></div><div class="spacer battle-history"><br></div><div class="battle-history">The opposing Wolverine used <strong>Night Slash</strong>!<br></div><div class="battle-history"><small>It's super effective!</small><br></div><div class="battle-history"><small>(Pecharunt lost 25% of its health!)</small><br></div><div class="spacer battle-history"><br></div><div class="battle-history"><small>Pecharunt restored a little HP using its Black Sludge!</small><br></div><div class="spacer battle-history"><br></div><h2 class="battle-history">Turn 10</h2><div class="spacer battle-history"><br></div><div class="battle-history">Chugaroo withdrew Wolverine!<br></div><div class="battle-history">Chugaroo sent out Bully (<strong>Hydreigon</strong>)!<br></div><div class="spacer battle-history"><br></div><div class="battle-history">Pecharunt used <strong>Malignant Chain</strong>!<br></div><div class="battle-history"><small>(The opposing Bully lost 36% of its health!)</small><br></div><div class="spacer battle-history"><br></div><div class="battle-history"><small>Pecharunt restored a little HP using its Black Sludge!</small><br></div><div class="spacer battle-history"><br></div><h2 class="battle-history">Turn 11</h2><div class="spacer battle-history"><br></div><div class="battle-history">Pecharunt, come back!<br></div><div class="battle-history">Go! <strong>Comfey</strong>!<br></div><div class="spacer battle-history"><br></div><div class="battle-history">The opposing Bully used <strong>Dark Pulse</strong>!<br></div><div class="battle-history"><small>It's not very effective...</small><br></div><div class="battle-history"><small>(Comfey lost 27% of its health!)</small><br></div><div class="battle-history"><small>The opposing Bully lost some of its HP!</small><br></div><div class="spacer battle-history"><br></div><h2 class="battle-history">Turn 12</h2><div class="spacer battle-history"><br></div><div class="battle-history">Chugaroo withdrew Bully!<br></div><div class="battle-history">Chugaroo sent out Miku (<strong>Sylveon</strong>)!<br></div><div class="spacer battle-history"><br></div><div class="battle-history">Comfey used <strong>Draining Kiss</strong>!<br></div><div class="battle-history"><small>(The opposing Miku lost 14% of its health!)</small><br></div><div class="battle-history"><small>The opposing Miku had its energy drained!</small><br></div><div class="battle-history"><small>Comfey lost some of its HP!</small><br></div><div class="spacer battle-history"><br></div><div class="battle-history"><small>The opposing Miku restored a little HP using its Leftovers!</small><br></div><div class="spacer battle-history"><br></div><h2 class="battle-history">Turn 13</h2><div class="spacer battle-history"><br></div><div class="battle-history">Comfey, come back!<br></div><div class="battle-history">Go! <strong>Jirachi</strong>!<br></div><div class="spacer battle-history"><br></div><div class="battle-history">The opposing Miku used <strong>Wish</strong>!<br></div><div class="spacer battle-history"><br></div><div class="battle-history"><small>Jirachi restored a little HP using its Leftovers!</small><br></div><div class="battle-history"><small>The opposing Miku restored a little HP using its Leftovers!</small><br></div><div class="spacer battle-history"><br></div><h2 class="battle-history">Turn 14</h2><div class="spacer battle-history"><br></div><div class="battle-history">Chugaroo withdrew Miku!<br></div><div class="battle-history">Chugaroo sent out Unagi (<strong>Eelektross</strong>)!<br></div><div class="spacer battle-history"><br></div><div class="battle-history">Jirachi used <strong>Iron Head</strong>!<br></div><div class="battle-history"><small>It's not very effective...</small><br></div><div class="battle-history"><small>(The opposing Unagi lost 20% of its health!)</small><br></div><div class="spacer battle-history"><br></div><div class="battle-history"><small>Miku's wish came true!</small><br></div><div class="battle-history"><small>Jirachi restored a little HP using its Leftovers!</small><br></div><div class="spacer battle-history"><br></div><h2 class="battle-history">Turn 15</h2><div class="spacer battle-history"><br></div><div class="battle-history">Jirachi, come back!<br></div><div class="battle-history">Go! Ogerpon (<strong>Ogerpon-Wellspring</strong>)!<br></div><div class="spacer battle-history"><br></div><div class="battle-history">The opposing Unagi used <strong>Knock Off</strong>!<br></div><div class="battle-history"><small>A critical hit!</small><br></div><div class="battle-history"><small>(Ogerpon lost 16% of its health!)</small><br></div><div class="spacer battle-history"><br></div><div class="battle-history">Ogerpon fainted!<br></div><div class="spacer battle-history"><br></div><div class="battle-history">Go! <strong>Noivern</strong>!<br></div><div class="spacer battle-history"><br></div><h2 class="battle-history">Turn 16</h2><div class="spacer battle-history"><br></div><div class="battle-history"><small>Noivern has Terastallized into the Normal-type!</small><br></div><div class="spacer battle-history"><br></div><div class="battle-history"><small>The opposing Unagi has Terastallized into the Electric-type!</small><br></div><div class="spacer battle-history"><br></div><div class="battle-history">Noivern used <strong>Boomburst</strong>!<br></div><div class="battle-history"><small>(The opposing Unagi lost 69% of its health!)</small><br></div><div class="spacer battle-history"><br></div><div class="battle-history">The opposing Unagi used <strong>Wild Charge</strong>!<br></div><div class="battle-history"><small>(Noivern lost 84% of its health!)</small><br></div><div class="battle-history"><small>The opposing Unagi was damaged by the recoil!</small><br></div><div class="spacer battle-history"><br></div><div class="battle-history">The opposing Unagi fainted!<br></div><div class="spacer battle-history"><br></div><div class="battle-history">Chugaroo sent out Wolverine (<strong>Sneasler</strong>)!<br></div><div class="spacer battle-history"><br></div><h2 class="battle-history">Turn 17</h2><div class="spacer battle-history"><br></div><div class="battle-history">Noivern, come back!<br></div><div class="battle-history">Go! <strong>Pecharunt</strong>!<br></div><div class="spacer battle-history"><br></div><div class="battle-history">The opposing Wolverine used <strong>Fake Out</strong>!<br></div><div class="battle-history"><small>It doesn't affect Pecharunt...</small><br></div><div class="spacer battle-history"><br></div><div class="battle-history"><small>Pecharunt restored a little HP using its Black Sludge!</small><br></div><div class="spacer battle-history"><br></div><h2 class="battle-history">Turn 18</h2><div class="spacer battle-history"><br></div><div class="battle-history">Chugaroo withdrew Wolverine!<br></div><div class="battle-history">Chugaroo sent out Gamora (<strong>Terapagos-Terastal</strong>)!<br></div><div class="spacer battle-history"><br></div><div class="battle-history">Pecharunt used <strong>Malignant Chain</strong>!<br></div><div class="battle-history"><small>(The opposing Gamora lost 24% of its health!)</small><br></div><div class="battle-history"><small>The opposing Gamora was badly poisoned!</small><br></div><div class="battle-history">[Pecharunt's Poison Puppeteer]<br><small>The opposing Gamora became confused!</small><br></div><div class="spacer battle-history"><br></div><div class="battle-history"><small>Pecharunt restored a little HP using its Black Sludge!</small><br></div><div class="battle-history"><small>The opposing Gamora was hurt by poison!</small><br></div><div class="spacer battle-history"><br></div><div class="battle-history">The opposing Gamora fainted!<br></div><div class="spacer battle-history"><br></div><div class="battle-history">Chugaroo sent out Bully (<strong>Hydreigon</strong>)!<br></div><div class="spacer battle-history"><br></div><h2 class="battle-history">Turn 19</h2><div class="spacer battle-history"><br></div><div class="battle-history">Pecharunt, come back!<br></div><div class="battle-history">Go! <strong>Comfey</strong>!<br></div><div class="spacer battle-history"><br></div><div class="battle-history">The opposing Bully used <strong>U-turn</strong>!<br></div><div class="battle-history"><small>It's not very effective...</small><br></div><div class="battle-history"><small>(Comfey lost 12% of its health!)</small><br></div><div class="battle-history"><small>The opposing Bully lost some of its HP!</small><br></div><div class="spacer battle-history"><br></div><div class="battle-history">The opposing Bully went back to Chugaroo!<br></div><div class="battle-history">Chugaroo sent out Miku (<strong>Sylveon</strong>)!<br></div><div class="spacer battle-history"><br></div><div class="battle-history"><small>The opposing Miku restored a little HP using its Leftovers!</small><br></div><div class="spacer battle-history"><br></div><h2 class="battle-history">Turn 20</h2><div class="spacer battle-history"><br></div><div class="battle-history">Comfey used <strong>Calm Mind</strong>!<br></div><div class="battle-history"><small>Comfey's Sp. Atk rose!</small><br></div><div class="battle-history"><small>Comfey's Sp. Def rose!</small><br></div><div class="spacer battle-history"><br></div><div class="battle-history">The opposing Miku used <strong>Wish</strong>!<br></div><div class="spacer battle-history"><br></div><h2 class="battle-history">Turn 21</h2><div class="spacer battle-history"><br></div><div class="battle-history">Comfey used <strong>Calm Mind</strong>!<br></div><div class="battle-history"><small>Comfey's Sp. Atk rose!</small><br></div><div class="battle-history"><small>Comfey's Sp. Def rose!</small><br></div><div class="spacer battle-history"><br></div><div class="battle-history">The opposing Miku used <strong>Hyper Voice</strong>!<br></div><div class="battle-history"><small>(Comfey lost 23% of its health!)</small><br></div><div class="spacer battle-history"><br></div><h2 class="battle-history">Turn 22</h2><div class="spacer battle-history"><br></div><div class="battle-history">Comfey used <strong>Synthesis</strong>!<br></div><div class="battle-history"><small>Comfey had its HP restored.</small><br></div><div class="spacer battle-history"><br></div><div class="battle-history">The opposing Miku used <strong>Hyper Voice</strong>!<br></div><div class="battle-history"><small>(Comfey lost 21% of its health!)</small><br></div><div class="spacer battle-history"><br></div><h2 class="battle-history">Turn 23</h2><div class="spacer battle-history"><br></div><div class="battle-history">Comfey used <strong>Calm Mind</strong>!<br></div><div class="battle-history"><small>Comfey's Sp. Atk rose!</small><br></div><div class="battle-history"><small>Comfey's Sp. Def rose!</small><br></div><div class="spacer battle-history"><br></div><div class="battle-history">The opposing Miku used <strong>Wish</strong>!<br></div><div class="spacer battle-history"><br></div><h2 class="battle-history">Turn 24</h2><div class="spacer battle-history"><br></div><div class="battle-history">Chugaroo withdrew Miku!<br></div><div class="battle-history">Chugaroo sent out Wolverine (<strong>Sneasler</strong>)!<br></div><div class="spacer battle-history"><br></div><div class="battle-history">Comfey used <strong>Draining Kiss</strong>!<br></div><div class="battle-history"><small>(The opposing Wolverine lost 34% of its health!)</small><br></div><div class="battle-history"><small>The opposing Wolverine had its energy drained!</small><br></div><div class="spacer battle-history"><br></div><div class="battle-history">The opposing Wolverine fainted!<br></div><div class="battle-history"><small>Comfey lost some of its HP!</small><br></div><div class="spacer battle-history"><br></div><div class="battle-history">Chugaroo sent out Bully (<strong>Hydreigon</strong>)!<br></div><div class="spacer battle-history"><br></div><h2 class="battle-history">Turn 25</h2><div class="spacer battle-history"><br></div><div class="battle-history">Comfey used <strong>Draining Kiss</strong>!<br></div><div class="battle-history"><small>It's super effective!</small><br></div><div class="battle-history"><small>(The opposing Bully lost 45% of its health!)</small><br></div><div class="battle-history"><small>The opposing Bully had its energy drained!</small><br></div><div class="spacer battle-history"><br></div><div class="battle-history">The opposing Bully fainted!<br></div><div class="battle-history"><small>Comfey lost some of its HP!</small><br></div><div class="spacer battle-history"><br></div><div class="battle-history">Chugaroo sent out Miku (<strong>Sylveon</strong>)!<br></div><div class="spacer battle-history"><br></div><h2 class="battle-history">Turn 26</h2><div class="chat"><small> Soapyboogas left</small></div><div class="spacer battle-history"><br></div><div class="battle-history">Comfey used <strong>Draining Kiss</strong>!<br></div><div class="battle-history"><small>(The opposing Miku lost 37% of its health!)</small><br></div><div class="battle-history"><small>The opposing Miku had its energy drained!</small><br></div><div class="battle-history"><small>Comfey lost some of its HP!</small><br></div><div class="spacer battle-history"><br></div><div class="battle-history">The opposing Miku used <strong>Hyper Voice</strong>!<br></div><div class="battle-history"><small>(Comfey lost 17% of its health!)</small><br></div><div class="spacer battle-history"><br></div><div class="battle-history"><small>The opposing Miku restored a little HP using its Leftovers!</small><br></div><div class="spacer battle-history"><br></div><h2 class="battle-history">Turn 27</h2><div class="spacer battle-history"><br></div><div class="battle-history">Comfey used <strong>Draining Kiss</strong>!<br></div><div class="battle-history"><small>(The opposing Miku lost 35% of its health!)</small><br></div><div class="battle-history"><small>The opposing Miku had its energy drained!</small><br></div><div class="battle-history"><small>Comfey lost some of its HP!</small><br></div><div class="spacer battle-history"><br></div><div class="battle-history">The opposing Miku used <strong>Wish</strong>!<br></div><div class="spacer battle-history"><br></div><div class="battle-history"><small>The opposing Miku restored a little HP using its Leftovers!</small><br></div><div class="spacer battle-history"><br></div><h2 class="battle-history">Turn 28</h2><div class="spacer battle-history"><br></div><div class="battle-history">Comfey used <strong>Calm Mind</strong>!<br></div><div class="battle-history"><small>Comfey's Sp. Atk rose!</small><br></div><div class="battle-history"><small>Comfey's Sp. Def rose!</small><br></div><div class="spacer battle-history"><br></div><div class="battle-history">The opposing Miku used <strong>Hyper Voice</strong>!<br></div><div class="battle-history"><small>(Comfey lost 15% of its health!)</small><br></div><div class="spacer battle-history"><br></div><div class="battle-history"><small>Miku's wish came true!</small><br></div><div class="battle-history"><small>The opposing Miku restored a little HP using its Leftovers!</small><br></div><div class="spacer battle-history"><br></div><h2 class="battle-history">Turn 29</h2><div class="spacer battle-history"><br></div><div class="battle-history">Comfey used <strong>Calm Mind</strong>!<br></div><div class="battle-history"><small>Comfey's Sp. Atk rose!</small><br></div><div class="battle-history"><small>Comfey's Sp. Def rose!</small><br></div><div class="spacer battle-history"><br></div><div class="battle-history">The opposing Miku used <strong>Hyper Voice</strong>!<br></div><div class="battle-history"><small>(Comfey lost 12% of its health!)</small><br></div><div class="spacer battle-history"><br></div><div class="battle-history"><small>The opposing Miku restored a little HP using its Leftovers!</small><br></div><div class="spacer battle-history"><br></div><h2 class="battle-history">Turn 30</h2><div class="spacer battle-history"><br></div><div class="battle-history">Comfey used <strong>Draining Kiss</strong>!<br></div><div class="battle-history"><small>(The opposing Miku lost 48% of its health!)</small><br></div><div class="battle-history"><small>The opposing Miku had its energy drained!</small><br></div><div class="battle-history"><small>Comfey lost some of its HP!</small><br></div><div class="spacer battle-history"><br></div><div class="battle-history">The opposing Miku used <strong>Hyper Voice</strong>!<br></div><div class="battle-history"><small>(Comfey lost 14% of its health!)</small><br></div><div class="spacer battle-history"><br></div><div class="battle-history"><small>The opposing Miku restored a little HP using its Leftovers!</small><br></div><div class="spacer battle-history"><br></div><h2 class="battle-history">Turn 31</h2><div class="spacer battle-history"><br></div><div class="battle-history">Comfey used <strong>Draining Kiss</strong>!<br></div><div class="battle-history"><small>(The opposing Miku lost 49% of its health!)</small><br></div><div class="battle-history"><small>The opposing Miku had its energy drained!</small><br></div><div class="battle-history"><small>Comfey lost some of its HP!</small><br></div><div class="spacer battle-history"><br></div><div class="battle-history">The opposing Miku used <strong>Hyper Voice</strong>!<br></div><div class="battle-history"><small>(Comfey lost 14% of its health!)</small><br></div><div class="spacer battle-history"><br></div><div class="battle-history"><small>The opposing Miku restored a little HP using its Leftovers!</small><br></div><div class="spacer battle-history"><br></div><h2 class="battle-history">Turn 32</h2><div class="chat chatmessage-chugaroo"><strong style="color:#0ea48e"><small class="groupsymbol">☆</small><span class="username">Chugaroo</span>:</strong> <em>gg</em></div><div class="spacer battle-history"><br></div><div class="battle-history">Comfey used <strong>Draining Kiss</strong>!<br></div><div class="battle-history"><small>(The opposing Miku lost 15% of its health!)</small><br></div><div class="battle-history"><small>The opposing Miku had its energy drained!</small><br></div><div class="spacer battle-history"><br></div><div class="battle-history">The opposing Miku fainted!<br></div><div class="battle-history"><small>Comfey lost some of its HP!</small><br></div><div class="spacer battle-history"><br></div><div class="battle-history"><strong>tokingpanda</strong> won the battle!<br></div><div class="chat chatmessage-tokingpanda"><strong style="color:#c02670"><small class="groupsymbol">☆</small><span class="username">tokingpanda</span>:</strong> <em>ggs!</em></div><div class="chat"><small> Jackstrick321 and ☆tokingpanda left</small></div><div class="chat"><small>☆Chugaroo left</small></div><div class="chat"><small>☆tokingpanda joined</small></div></div><div class="inner-preempt message-log"></div></div></div>
</div>
<script>
let daily = Math.floor(Date.now()/1000/60/60/24);document.write('<script src="https://play.pokemonshowdown.com/js/replay-embed.js?version'+daily+'"></'+'script>');
</script>
