<!DOCTYPE html>
<meta charset="utf-8" />
<!-- version 1 -->
<title>[Gen 9] NatDex Draft replay: Astral Rifk vs. mildish gambino</title>
<style>
html,body {font-family:Verdana, sans-serif;font-size:10pt;margin:0;padding:0;}body{padding:12px 0;} .battle-log {font-family:Verdana, sans-serif;font-size:10pt;} .battle-log-inline {border:1px solid #AAAAAA;background:#EEF2F5;color:black;max-width:640px;margin:0 auto 80px;padding-bottom:5px;} .battle-log .inner {padding:4px 8px 0px 8px;} .battle-log .inner-preempt {padding:0 8px 4px 8px;} .battle-log .inner-after {margin-top:0.5em;} .battle-log h2 {margin:0.5em -8px;padding:4px 8px;border:1px solid #AAAAAA;background:#E0E7EA;border-left:0;border-right:0;font-family:Verdana, sans-serif;font-size:13pt;} .battle-log .chat {vertical-align:middle;padding:3px 0 3px 0;font-size:8pt;} .battle-log .chat strong {color:#40576A;} .battle-log .chat em {padding:1px 4px 1px 3px;color:#000000;font-style:normal;} .chat.mine {background:rgba(0,0,0,0.05);margin-left:-8px;margin-right:-8px;padding-left:8px;padding-right:8px;} .spoiler {color:#BBBBBB;background:#BBBBBB;padding:0px 3px;} .spoiler:hover, .spoiler:active, .spoiler-shown {color:#000000;background:#E2E2E2;padding:0px 3px;} .spoiler a {color:#BBBBBB;} .spoiler:hover a, .spoiler:active a, .spoiler-shown a {color:#2288CC;} .chat code, .chat .spoiler:hover code, .chat .spoiler:active code, .chat .spoiler-shown code {border:1px solid #C0C0C0;background:#EEEEEE;color:black;padding:0 2px;} .chat .spoiler code {border:1px solid #CCCCCC;background:#CCCCCC;color:#CCCCCC;} .battle-log .rated {padding:3px 4px;} .battle-log .rated strong {color:white;background:#89A;padding:1px 4px;border-radius:4px;} .spacer {margin-top:0.5em;} .message-announce {background:#6688AA;color:white;padding:1px 4px 2px;} .message-announce a, .broadcast-green a, .broadcast-blue a, .broadcast-red a {color:#DDEEFF;} .broadcast-green {background-color:#559955;color:white;padding:2px 4px;} .broadcast-blue {background-color:#6688AA;color:white;padding:2px 4px;} .infobox {border:1px solid #6688AA;padding:2px 4px;} .infobox-limited {max-height:200px;overflow:auto;overflow-x:hidden;} .broadcast-red {background-color:#AA5544;color:white;padding:2px 4px;} .message-learn-canlearn {font-weight:bold;color:#228822;text-decoration:underline;} .message-learn-cannotlearn {font-weight:bold;color:#CC2222;text-decoration:underline;} .message-effect-weak {font-weight:bold;color:#CC2222;} .message-effect-resist {font-weight:bold;color:#6688AA;} .message-effect-immune {font-weight:bold;color:#666666;} .message-learn-list {margin-top:0;margin-bottom:0;} .message-throttle-notice, .message-error {color:#992222;} .message-overflow, .chat small.message-overflow {font-size:0pt;} .message-overflow::before {font-size:9pt;content:'...';} .subtle {color:#3A4A66;}
</style>
<div class="wrapper replay-wrapper" style="max-width:1180px;margin:0 auto">
<input type="hidden" name="replayid" value="gen9natdexdraft-2367612184" />
<div class="battle"></div><div class="battle-log"></div><div class="replay-controls"></div><div class="replay-controls-2"></div>
<h1 style="font-weight:normal;text-align:center"><strong>[Gen 9] NatDex Draft</strong><br /><a href="http://pokemonshowdown.com/users/astralrifk" class="subtle" target="_blank">Astral Rifk</a> vs. <a href="http://pokemonshowdown.com/users/mildishgambino" class="subtle" target="_blank">mildish gambino</a></h1>
<script type="text/plain" class="battle-log-data">
|j|☆Astral Rifk
|j|☆mildish gambino
|t:|1747696251
|gametype|singles
|player|p1|Astral Rifk|miku-ghost|
|player|p2|mildish gambino|101|
|teamsize|p1|6
|teamsize|p2|6
|gen|9
|tier|[Gen 9] NatDex Draft
|rule|Sleep Clause Mod: Limit one foe put to sleep
|rule|OHKO Clause: OHKO moves are banned
|rule|Evasion Clause: Evasion abilities, items, and moves are banned
|rule|Evasion Abilities Clause: Evasion abilities are banned
|rule|Evasion Items Clause: Evasion items are banned
|rule|Evasion Moves Clause: Evasion moves are banned
|rule|Endless Battle Clause: Forcing endless battles is banned
|rule|HP Percentage Mod: HP is shown in percentages
|clearpoke
|poke|p1|Pecharunt|
|poke|p1|Arboliva, F|
|poke|p1|Scizor, F|
|poke|p1|Moltres|
|poke|p1|Alomomola, M|
|poke|p1|Raikou|
|poke|p2|Melmetal|
|poke|p2|Latias, F|
|poke|p2|Roserade, F|
|poke|p2|Dracovish|
|poke|p2|Gastrodon, M|
|poke|p2|Bronzong|
|teampreview
|c|☆mildish gambino|glhf
|c|☆Astral Rifk|u2
|
|t:|1747696355
|start
|switch|p1a: Scizor|Scizor, F|100\/100
|switch|p2a: Roserade|Roserade, F|100\/100
|turn|1
|
|t:|1747696370
|detailschange|p1a: Scizor|Scizor-Mega, F
|-mega|p1a: Scizor|Scizor|Scizorite
|move|p2a: Roserade|Leech Seed|p1a: Scizor
|-start|p1a: Scizor|move: Leech Seed
|move|p1a: Scizor|U-turn|p2a: Roserade
|-damage|p2a: Roserade|36\/100
|
|t:|1747696382
|switch|p1a: Raikou|Raikou|100\/100|[from] U-turn
|-ability|p1a: Raikou|Pressure
|
|-heal|p2a: Roserade|42\/100|[from] item: Black Sludge
|upkeep
|turn|2
|
|t:|1747696394
|switch|p1a: Scizor|Scizor-Mega, F|100\/100
|switch|p2a: Gastrodon|Gastrodon, M|100\/100
|
|upkeep
|turn|3
|
|t:|1747696405
|switch|p2a: Bronzong|Bronzong|100\/100
|move|p1a: Scizor|U-turn|p2a: Bronzong
|-damage|p2a: Bronzong|78\/100
|
|t:|1747696417
|switch|p1a: Arboliva|Arboliva, F|100\/100|[from] U-turn
|
|upkeep
|turn|4
|
|t:|1747696424
|move|p1a: Arboliva|Leech Seed|p2a: Bronzong|[miss]
|-miss|p1a: Arboliva|p2a: Bronzong
|move|p2a: Bronzong|Stealth Rock|p1a: Arboliva
|-sidestart|p1: Astral Rifk|move: Stealth Rock
|
|upkeep
|turn|5
|
|t:|1747696432
|switch|p2a: Roserade|Roserade, F|42\/100
|move|p1a: Arboliva|Leech Seed|p2a: Roserade
|-immune|p2a: Roserade
|
|-heal|p2a: Roserade|49\/100|[from] item: Black Sludge
|upkeep
|turn|6
|
|t:|1747696545
|switch|p1a: Scizor|Scizor-Mega, F|100\/100
|-damage|p1a: Scizor|88\/100|[from] Stealth Rock
|move|p2a: Roserade|Sleep Powder|p1a: Scizor
|-status|p1a: Scizor|slp|[from] move: Sleep Powder
|
|-heal|p2a: Roserade|55\/100|[from] item: Black Sludge
|upkeep
|turn|7
|
|t:|1747696557
|switch|p2a: Melmetal|Melmetal|100\/100
|cant|p1a: Scizor|slp
|
|upkeep
|turn|8
|
|t:|1747696567
|switch|p1a: Alomomola|Alomomola, M|100\/100
|-damage|p1a: Alomomola|88\/100|[from] Stealth Rock
|move|p2a: Melmetal|Substitute|p2a: Melmetal
|-start|p2a: Melmetal|Substitute
|-damage|p2a: Melmetal|76\/100
|
|-heal|p2a: Melmetal|82\/100|[from] item: Leftovers
|upkeep
|turn|9
|l|☆mildish gambino
|player|p2|
|j|☆mildish gambino
|player|p2|mildish gambino|101|
|
|t:|1747696640
|move|p1a: Alomomola|Wish|p1a: Alomomola
|move|p2a: Melmetal|Toxic|p1a: Alomomola
|-status|p1a: Alomomola|tox
|
|-heal|p2a: Melmetal|88\/100|[from] item: Leftovers
|-damage|p1a: Alomomola|82\/100 tox|[from] psn
|upkeep
|turn|10
|
|t:|1747696655
|move|p1a: Alomomola|Flip Turn|p2a: Melmetal
|-activate|p2a: Melmetal|move: Substitute|[damage]
|
|t:|1747696659
|switch|p1a: Moltres|Moltres|100\/100|[from] Flip Turn
|move|p2a: Melmetal|Body Press|p1a: Moltres
|-resisted|p1a: Moltres
|-damage|p1a: Moltres|90\/100
|-status|p2a: Melmetal|brn|[from] ability: Flame Body|[of] p1a: Moltres
|
|-heal|p1a: Moltres|100\/100|[from] move: Wish|[wisher] Alomomola
|-heal|p2a: Melmetal|94\/100 brn|[from] item: Leftovers
|-damage|p2a: Melmetal|88\/100 brn|[from] brn
|upkeep
|turn|11
|
|t:|1747696673
|move|p1a: Moltres|Flamethrower|p2a: Melmetal
|-supereffective|p2a: Melmetal
|-end|p2a: Melmetal|Substitute
|move|p2a: Melmetal|Rock Slide|p1a: Moltres
|-supereffective|p1a: Moltres
|-damage|p1a: Moltres|68\/100
|
|-heal|p2a: Melmetal|94\/100 brn|[from] item: Leftovers
|-damage|p2a: Melmetal|88\/100 brn|[from] brn
|upkeep
|turn|12
|
|t:|1747696690
|switch|p2a: Gastrodon|Gastrodon, M|100\/100
|move|p1a: Moltres|Defog|p2a: Gastrodon
|-unboost|p2a: Gastrodon|evasion|1
|-sideend|p1: Astral Rifk|Stealth Rock|[from] move: Defog|[of] p1a: Moltres
|
|upkeep
|turn|13
|
|t:|1747696702
|move|p1a: Moltres|U-turn|p2a: Gastrodon
|-damage|p2a: Gastrodon|86\/100
|
|t:|1747696704
|switch|p1a: Arboliva|Arboliva, F|100\/100|[from] U-turn
|move|p2a: Gastrodon|Sandstorm|p2a: Gastrodon
|-weather|Sandstorm
|
|-weather|Sandstorm|[upkeep]
|-damage|p1a: Arboliva|94\/100|[from] Sandstorm
|-heal|p1a: Arboliva|100\/100|[from] item: Leftovers
|upkeep
|turn|14
|
|t:|1747696735
|switch|p2a: Melmetal|Melmetal|88\/100 brn
|move|p1a: Arboliva|Leech Seed|p2a: Melmetal
|-start|p2a: Melmetal|move: Leech Seed
|
|-weather|Sandstorm|[upkeep]
|-damage|p1a: Arboliva|94\/100|[from] Sandstorm
|-heal|p1a: Arboliva|100\/100|[from] item: Leftovers
|-heal|p2a: Melmetal|94\/100 brn|[from] item: Leftovers
|-damage|p2a: Melmetal|81\/100 brn|[from] Leech Seed|[of] p1a: Arboliva
|-damage|p2a: Melmetal|75\/100 brn|[from] brn
|upkeep
|turn|15
|
|t:|1747696753
|switch|p1a: Alomomola|Alomomola, M|100\/100 tox
|switch|p2a: Roserade|Roserade, F|55\/100
|
|-weather|Sandstorm|[upkeep]
|-damage|p2a: Roserade|49\/100|[from] Sandstorm
|-damage|p1a: Alomomola|94\/100 tox|[from] Sandstorm
|-heal|p2a: Roserade|55\/100|[from] item: Black Sludge
|-damage|p1a: Alomomola|88\/100 tox|[from] psn
|upkeep
|turn|16
|
|t:|1747696768
|switch|p1a: Scizor|Scizor-Mega, F|88\/100 slp
|move|p2a: Roserade|Leech Seed|p1a: Scizor
|-start|p1a: Scizor|move: Leech Seed
|
|-weather|Sandstorm|[upkeep]
|-damage|p2a: Roserade|49\/100|[from] Sandstorm
|-heal|p2a: Roserade|55\/100|[from] item: Black Sludge
|-damage|p1a: Scizor|76\/100 slp|[from] Leech Seed|[of] p2a: Roserade
|-heal|p2a: Roserade|71\/100|[silent]
|upkeep
|turn|17
|
|t:|1747696788
|switch|p2a: Melmetal|Melmetal|75\/100 brn
|cant|p1a: Scizor|slp
|
|-weather|Sandstorm|[upkeep]
|-heal|p2a: Melmetal|81\/100 brn|[from] item: Leftovers
|-damage|p1a: Scizor|64\/100 slp|[from] Leech Seed|[of] p2a: Melmetal
|-heal|p2a: Melmetal|90\/100 brn|[silent]
|-damage|p2a: Melmetal|84\/100 brn|[from] brn
|upkeep
|turn|18
|
|t:|1747696797
|-curestatus|p1a: Scizor|slp|[msg]
|move|p1a: Scizor|Roost|p1a: Scizor
|-heal|p1a: Scizor|100\/100
|-singleturn|p1a: Scizor|move: Roost
|move|p2a: Melmetal|Rock Slide|p1a: Scizor
|-damage|p1a: Scizor|94\/100
|
|-weather|Sandstorm|[upkeep]
|-heal|p2a: Melmetal|90\/100 brn|[from] item: Leftovers
|-damage|p1a: Scizor|82\/100|[from] Leech Seed|[of] p2a: Melmetal
|-heal|p2a: Melmetal|99\/100 brn|[silent]
|-damage|p2a: Melmetal|93\/100 brn|[from] brn
|upkeep
|turn|19
|
|t:|1747696804
|move|p1a: Scizor|Knock Off|p2a: Melmetal
|-damage|p2a: Melmetal|80\/100 brn
|-enditem|p2a: Melmetal|Leftovers|[from] move: Knock Off|[of] p1a: Scizor
|move|p2a: Melmetal|Rock Slide|p1a: Scizor
|-damage|p1a: Scizor|75\/100
|
|-weather|Sandstorm|[upkeep]
|-damage|p1a: Scizor|63\/100|[from] Leech Seed|[of] p2a: Melmetal
|-heal|p2a: Melmetal|89\/100 brn|[silent]
|-damage|p2a: Melmetal|83\/100 brn|[from] brn
|upkeep
|turn|20
|
|t:|1747696827
|move|p1a: Scizor|U-turn|p2a: Melmetal
|-resisted|p2a: Melmetal
|-damage|p2a: Melmetal|75\/100 brn
|
|t:|1747696834
|switch|p1a: Pecharunt|Pecharunt|100\/100|[from] U-turn
|move|p2a: Melmetal|Rock Slide|p1a: Pecharunt
|-damage|p1a: Pecharunt|94\/100
|
|-weather|none
|-heal|p1a: Pecharunt|100\/100|[from] item: Black Sludge
|-damage|p2a: Melmetal|69\/100 brn|[from] brn
|upkeep
|turn|21
|
|t:|1747696865
|switch|p2a: Roserade|Roserade, F|71\/100
|move|p1a: Pecharunt|Parting Shot|p2a: Roserade
|-unboost|p2a: Roserade|atk|1
|-unboost|p2a: Roserade|spa|1
|
|t:|1747696874
|switch|p1a: Scizor|Scizor-Mega, F|63\/100|[from] Parting Shot
|
|-heal|p2a: Roserade|77\/100|[from] item: Black Sludge
|upkeep
|turn|22
|
|t:|1747696881
|move|p2a: Roserade|Sleep Powder|p1a: Scizor
|-status|p1a: Scizor|slp|[from] move: Sleep Powder
|cant|p1a: Scizor|slp
|
|-heal|p2a: Roserade|83\/100|[from] item: Black Sludge
|upkeep
|turn|23
|
|t:|1747696893
|move|p2a: Roserade|Leech Seed|p1a: Scizor
|-start|p1a: Scizor|move: Leech Seed
|cant|p1a: Scizor|slp
|
|-heal|p2a: Roserade|89\/100|[from] item: Black Sludge
|-damage|p1a: Scizor|51\/100 slp|[from] Leech Seed|[of] p2a: Roserade
|-heal|p2a: Roserade|100\/100|[silent]
|upkeep
|turn|24
|
|t:|1747696901
|switch|p2a: Bronzong|Bronzong|78\/100
|-curestatus|p1a: Scizor|slp|[msg]
|move|p1a: Scizor|U-turn|p2a: Bronzong
|-damage|p2a: Bronzong|54\/100
|
|t:|1747696912
|switch|p1a: Moltres|Moltres|68\/100|[from] U-turn
|
|upkeep
|turn|25
|
|t:|1747696944
|-terastallize|p2a: Bronzong|Fighting
|move|p1a: Moltres|U-turn|p2a: Bronzong
|-resisted|p2a: Bronzong
|-damage|p2a: Bronzong|49\/100
|
|t:|1747696951
|switch|p1a: Alomomola|Alomomola, M|100\/100 tox|[from] U-turn
|move|p2a: Bronzong|Trick Room|p2a: Bronzong
|-fieldstart|move: Trick Room|[of] p2a: Bronzong
|
|-damage|p1a: Alomomola|94\/100 tox|[from] psn
|upkeep
|turn|26
|
|t:|1747696971
|move|p2a: Bronzong|Stealth Rock|p1a: Alomomola
|-sidestart|p1: Astral Rifk|move: Stealth Rock
|move|p1a: Alomomola|Toxic|p2a: Bronzong
|-status|p2a: Bronzong|tox
|
|-damage|p2a: Bronzong|43\/100 tox|[from] psn
|-damage|p1a: Alomomola|82\/100 tox|[from] psn
|upkeep
|turn|27
|
|t:|1747696978
|move|p2a: Bronzong|Explosion|p1a: Alomomola
|-damage|p1a: Alomomola|51\/100 tox
|faint|p2a: Bronzong
|move|p1a: Alomomola|Flip Turn|p2: Bronzong|[notarget]
|-fail|p1a: Alomomola
|
|-damage|p1a: Alomomola|33\/100 tox|[from] psn
|upkeep
|
|t:|1747696989
|switch|p2a: Gastrodon|Gastrodon, M|86\/100
|turn|28
|
|t:|1747696996
|switch|p1a: Arboliva|Arboliva, F|100\/100
|-damage|p1a: Arboliva|88\/100|[from] Stealth Rock
|move|p2a: Gastrodon|Sandstorm|p2a: Gastrodon
|-weather|Sandstorm
|
|-weather|Sandstorm|[upkeep]
|-damage|p1a: Arboliva|82\/100|[from] Sandstorm
|-heal|p1a: Arboliva|88\/100|[from] item: Leftovers
|upkeep
|turn|29
|
|t:|1747697013
|switch|p2a: Roserade|Roserade, F|100\/100
|move|p1a: Arboliva|Leech Seed|p2a: Roserade
|-immune|p2a: Roserade
|
|-weather|Sandstorm|[upkeep]
|-damage|p1a: Arboliva|82\/100|[from] Sandstorm
|-damage|p2a: Roserade|94\/100|[from] Sandstorm
|-heal|p1a: Arboliva|88\/100|[from] item: Leftovers
|-heal|p2a: Roserade|100\/100|[from] item: Black Sludge
|-fieldend|move: Trick Room
|upkeep
|turn|30
|
|t:|1747697024
|switch|p2a: Dracovish|Dracovish|100\/100
|switch|p1a: Scizor|Scizor-Mega, F|51\/100
|-damage|p1a: Scizor|38\/100|[from] Stealth Rock
|
|-weather|Sandstorm|[upkeep]
|upkeep
|turn|31
|
|t:|1747697033
|switch|p1a: Arboliva|Arboliva, F|88\/100
|-damage|p1a: Arboliva|75\/100|[from] Stealth Rock
|move|p2a: Dracovish|Fishious Rend|p1a: Arboliva
|-resisted|p1a: Arboliva
|-damage|p1a: Arboliva|49\/100
|-fieldstart|move: Grassy Terrain|[from] ability: Seed Sower|[of] p1a: Arboliva
|
|-weather|Sandstorm|[upkeep]
|-damage|p1a: Arboliva|43\/100|[from] Sandstorm
|-heal|p1a: Arboliva|49\/100|[from] Grassy Terrain
|-heal|p1a: Arboliva|55\/100|[from] item: Leftovers
|upkeep
|turn|32
|
|t:|1747697040
|move|p2a: Dracovish|Dragon Rush|p1a: Arboliva
|-damage|p1a: Arboliva|25\/100
|move|p1a: Arboliva|Synthesis|p1a: Arboliva
|-heal|p1a: Arboliva|50\/100
|
|-weather|Sandstorm|[upkeep]
|-damage|p1a: Arboliva|44\/100|[from] Sandstorm
|-heal|p1a: Arboliva|50\/100|[from] Grassy Terrain
|-heal|p1a: Arboliva|56\/100|[from] item: Leftovers
|upkeep
|turn|33
|
|t:|1747697048
|move|p2a: Dracovish|Dragon Rush|p1a: Arboliva
|-damage|p1a: Arboliva|21\/100
|move|p1a: Arboliva|Leech Seed|p2a: Dracovish|[miss]
|-miss|p1a: Arboliva|p2a: Dracovish
|
|-weather|Sandstorm|[upkeep]
|-damage|p1a: Arboliva|15\/100|[from] Sandstorm
|-heal|p1a: Arboliva|21\/100|[from] Grassy Terrain
|-heal|p1a: Arboliva|27\/100|[from] item: Leftovers
|upkeep
|turn|34
|c|☆Astral Rifk|oh my god
|
|t:|1747697068
|switch|p1a: Alomomola|Alomomola, M|66\/100 tox
|-damage|p1a: Alomomola|54\/100 tox|[from] Stealth Rock
|move|p2a: Dracovish|Dragon Rush|p1a: Alomomola
|-damage|p1a: Alomomola|27\/100 tox
|-damage|p2a: Dracovish|84\/100|[from] item: Rocky Helmet|[of] p1a: Alomomola
|
|-weather|Sandstorm|[upkeep]
|-damage|p1a: Alomomola|21\/100 tox|[from] Sandstorm
|-heal|p2a: Dracovish|90\/100|[from] Grassy Terrain
|-heal|p1a: Alomomola|27\/100 tox|[from] Grassy Terrain
|-damage|p1a: Alomomola|21\/100 tox|[from] psn
|upkeep
|turn|35
|
|t:|1747697091
|move|p1a: Alomomola|Protect|p1a: Alomomola
|-singleturn|p1a: Alomomola|Protect
|move|p2a: Dracovish|Dragon Rush|p1a: Alomomola
|-activate|p1a: Alomomola|move: Protect
|
|-weather|none
|-heal|p2a: Dracovish|96\/100|[from] Grassy Terrain
|-heal|p1a: Alomomola|27\/100 tox|[from] Grassy Terrain
|-damage|p1a: Alomomola|15\/100 tox|[from] psn
|-fieldend|move: Grassy Terrain
|upkeep
|turn|36
|
|t:|1747697103
|switch|p1a: Pecharunt|Pecharunt|100\/100
|-damage|p1a: Pecharunt|88\/100|[from] Stealth Rock
|move|p2a: Dracovish|Dragon Rush|p1a: Pecharunt
|-damage|p1a: Pecharunt|64\/100
|
|-heal|p1a: Pecharunt|70\/100|[from] item: Black Sludge
|upkeep
|turn|37
|
|t:|1747697116
|switch|p2a: Roserade|Roserade, F|100\/100
|move|p1a: Pecharunt|Recover|p1a: Pecharunt
|-heal|p1a: Pecharunt|100\/100
|
|upkeep
|turn|38
|
|t:|1747697128
|move|p2a: Roserade|Leech Seed|p1a: Pecharunt
|-start|p1a: Pecharunt|move: Leech Seed
|move|p1a: Pecharunt|Parting Shot|p2a: Roserade
|-unboost|p2a: Roserade|atk|1
|-unboost|p2a: Roserade|spa|1
|
|t:|1747697131
|switch|p1a: Scizor|Scizor-Mega, F|38\/100|[from] Parting Shot
|-damage|p1a: Scizor|26\/100|[from] Stealth Rock
|
|upkeep
|turn|39
|
|t:|1747697137
|move|p2a: Roserade|Sleep Powder|p1a: Scizor
|-status|p1a: Scizor|slp|[from] move: Sleep Powder
|cant|p1a: Scizor|slp
|
|upkeep
|turn|40
|
|t:|1747697144
|switch|p2a: Dracovish|Dracovish|96\/100
|-curestatus|p1a: Scizor|slp|[msg]
|move|p1a: Scizor|Roost|p1a: Scizor
|-heal|p1a: Scizor|76\/100
|-singleturn|p1a: Scizor|move: Roost
|
|upkeep
|turn|41
|
|t:|1747697181
|move|p2a: Dracovish|Fishious Rend|p1a: Scizor
|-damage|p1a: Scizor|32\/100
|move|p1a: Scizor|U-turn|p2a: Dracovish
|-damage|p2a: Dracovish|58\/100
|
|t:|1747697185
|switch|p1a: Pecharunt|Pecharunt|100\/100|[from] U-turn
|-damage|p1a: Pecharunt|88\/100|[from] Stealth Rock
|
|-heal|p1a: Pecharunt|94\/100|[from] item: Black Sludge
|upkeep
|turn|42
|
|t:|1747697193
|switch|p2a: Roserade|Roserade, F|100\/100
|move|p1a: Pecharunt|Parting Shot|p2a: Roserade
|-unboost|p2a: Roserade|atk|1
|-unboost|p2a: Roserade|spa|1
|
|t:|1747697197
|switch|p1a: Scizor|Scizor-Mega, F|32\/100|[from] Parting Shot
|-damage|p1a: Scizor|20\/100|[from] Stealth Rock
|
|upkeep
|turn|43
|
|t:|1747697203
|move|p2a: Roserade|Sleep Powder|p1a: Scizor
|-status|p1a: Scizor|slp|[from] move: Sleep Powder
|cant|p1a: Scizor|slp
|
|upkeep
|turn|44
|
|t:|1747697221
|switch|p1a: Moltres|Moltres|68\/100
|move|p2a: Roserade|Leech Seed|p1a: Moltres
|-start|p1a: Moltres|move: Leech Seed
|
|-damage|p1a: Moltres|55\/100|[from] Leech Seed|[of] p2a: Roserade
|upkeep
|turn|45
|
|t:|1747697236
|move|p2a: Roserade|Toxic|p1a: Moltres
|-status|p1a: Moltres|tox
|move|p1a: Moltres|Defog|p2a: Roserade
|-unboost|p2a: Roserade|evasion|1
|-sideend|p1: Astral Rifk|Stealth Rock|[from] move: Defog|[of] p1a: Moltres
|
|-damage|p1a: Moltres|43\/100 tox|[from] Leech Seed|[of] p2a: Roserade
|-damage|p1a: Moltres|37\/100 tox|[from] psn
|upkeep
|turn|46
|
|t:|1747697248
|switch|p2a: Gastrodon|Gastrodon, M|86\/100
|switch|p1a: Pecharunt|Pecharunt|94\/100
|
|-heal|p1a: Pecharunt|99\/100|[from] item: Black Sludge
|upkeep
|turn|47
|
|t:|1747697254
|switch|p2a: Roserade|Roserade, F|100\/100
|move|p1a: Pecharunt|Parting Shot|p2a: Roserade
|-unboost|p2a: Roserade|atk|1
|-unboost|p2a: Roserade|spa|1
|
|t:|1747697264
|switch|p1a: Moltres|Moltres|37\/100 tox|[from] Parting Shot
|
|-damage|p1a: Moltres|31\/100 tox|[from] psn
|upkeep
|turn|48
|
|t:|1747697273
|switch|p2a: Melmetal|Melmetal|69\/100 brn
|move|p1a: Moltres|Roost|p1a: Moltres
|-heal|p1a: Moltres|81\/100 tox
|-singleturn|p1a: Moltres|move: Roost
|
|-damage|p1a: Moltres|69\/100 tox|[from] psn
|-damage|p2a: Melmetal|63\/100 brn|[from] brn
|upkeep
|turn|49
|
|t:|1747697282
|move|p1a: Moltres|U-turn|p2a: Melmetal
|-resisted|p2a: Melmetal
|-damage|p2a: Melmetal|60\/100 brn
|
|t:|1747697290
|switch|p1a: Pecharunt|Pecharunt|99\/100|[from] U-turn
|move|p2a: Melmetal|Rock Slide|p1a: Pecharunt
|-damage|p1a: Pecharunt|94\/100
|
|-heal|p1a: Pecharunt|99\/100|[from] item: Black Sludge
|-damage|p2a: Melmetal|54\/100 brn|[from] brn
|upkeep
|turn|50
|
|t:|1747697299
|switch|p2a: Roserade|Roserade, F|100\/100
|move|p1a: Pecharunt|Night Shade|p2a: Roserade
|-damage|p2a: Roserade|62\/100
|
|-heal|p2a: Roserade|68\/100|[from] item: Black Sludge
|-heal|p1a: Pecharunt|100\/100|[from] item: Black Sludge
|upkeep
|turn|51
|
|t:|1747697306
|move|p2a: Roserade|Leech Seed|p1a: Pecharunt
|-start|p1a: Pecharunt|move: Leech Seed
|move|p1a: Pecharunt|Night Shade|p2a: Roserade
|-damage|p2a: Roserade|30\/100
|
|-heal|p2a: Roserade|36\/100|[from] item: Black Sludge
|-damage|p1a: Pecharunt|88\/100|[from] Leech Seed|[of] p2a: Roserade
|-heal|p2a: Roserade|54\/100|[silent]
|upkeep
|turn|52
|
|t:|1747697318
|switch|p2a: Melmetal|Melmetal|54\/100 brn
|move|p1a: Pecharunt|Parting Shot|p2a: Melmetal
|-unboost|p2a: Melmetal|atk|1
|-unboost|p2a: Melmetal|spa|1
|
|t:|1747697320
|switch|p1a: Alomomola|Alomomola, M|48\/100 tox|[from] Parting Shot
|
|-damage|p1a: Alomomola|42\/100 tox|[from] psn
|-damage|p2a: Melmetal|47\/100 brn|[from] brn
|upkeep
|turn|53
|
|t:|1747697330
|switch|p1a: Pecharunt|Pecharunt|88\/100
|switch|p2a: Roserade|Roserade, F|54\/100
|
|-heal|p2a: Roserade|60\/100|[from] item: Black Sludge
|-heal|p1a: Pecharunt|94\/100|[from] item: Black Sludge
|upkeep
|turn|54
|
|t:|1747697340
|switch|p2a: Melmetal|Melmetal|47\/100 brn
|move|p1a: Pecharunt|Parting Shot|p2a: Melmetal
|-unboost|p2a: Melmetal|atk|1
|-unboost|p2a: Melmetal|spa|1
|l|☆Astral Rifk
|player|p1|
|j|☆Astral Rifk
|player|p1|Astral Rifk|miku-ghost|
|
|t:|1747697431
|switch|p1a: Moltres|Moltres|69\/100 tox|[from] Parting Shot
|
|-damage|p1a: Moltres|63\/100 tox|[from] psn
|-damage|p2a: Melmetal|41\/100 brn|[from] brn
|upkeep
|turn|55
|
|t:|1747697438
|move|p1a: Moltres|U-turn|p2a: Melmetal
|-resisted|p2a: Melmetal
|-damage|p2a: Melmetal|38\/100 brn
|
|t:|1747697441
|switch|p1a: Pecharunt|Pecharunt|94\/100|[from] U-turn
|move|p2a: Melmetal|Rock Slide|p1a: Pecharunt
|-damage|p1a: Pecharunt|90\/100
|
|-heal|p1a: Pecharunt|96\/100|[from] item: Black Sludge
|-damage|p2a: Melmetal|32\/100 brn|[from] brn
|upkeep
|turn|56
|
|t:|1747697454
|move|p1a: Pecharunt|Parting Shot|p2a: Melmetal
|-unboost|p2a: Melmetal|atk|1
|-unboost|p2a: Melmetal|spa|1
|j| SarcTechie
|
|t:|1747697479
|switch|p1a: Alomomola|Alomomola, M|75\/100 tox|[from] Parting Shot
|move|p2a: Melmetal|Rock Slide|p1a: Alomomola
|-damage|p1a: Alomomola|72\/100 tox
|
|-damage|p1a: Alomomola|66\/100 tox|[from] psn
|-damage|p2a: Melmetal|26\/100 brn|[from] brn
|upkeep
|turn|57
|
|t:|1747697492
|switch|p2a: Roserade|Roserade, F|60\/100
|move|p1a: Alomomola|Flip Turn|p2a: Roserade
|-resisted|p2a: Roserade
|-damage|p2a: Roserade|44\/100
|
|t:|1747697537
|switch|p1a: Moltres|Moltres|63\/100 tox|[from] Flip Turn
|
|-heal|p2a: Roserade|50\/100|[from] item: Black Sludge
|-damage|p1a: Moltres|57\/100 tox|[from] psn
|upkeep
|turn|58
|l| SarcTechie
|
|t:|1747697546
|switch|p2a: Gastrodon|Gastrodon, M|86\/100
|move|p1a: Moltres|Flamethrower|p2a: Gastrodon
|-resisted|p2a: Gastrodon
|-damage|p2a: Gastrodon|70\/100
|
|-damage|p1a: Moltres|45\/100 tox|[from] psn
|upkeep
|turn|59
|
|t:|1747697554
|move|p1a: Moltres|U-turn|p2a: Gastrodon
|-damage|p2a: Gastrodon|53\/100
|
|t:|1747697561
|switch|p1a: Alomomola|Alomomola, M|99\/100 tox|[from] U-turn
|move|p2a: Gastrodon|Sandstorm|p2a: Gastrodon
|-weather|Sandstorm
|
|-weather|Sandstorm|[upkeep]
|-damage|p1a: Alomomola|93\/100 tox|[from] Sandstorm
|-damage|p1a: Alomomola|87\/100 tox|[from] psn
|upkeep
|turn|60
|
|t:|1747697579
|switch|p2a: Roserade|Roserade, F|50\/100
|move|p1a: Alomomola|Wish|p1a: Alomomola
|
|-weather|Sandstorm|[upkeep]
|-damage|p2a: Roserade|44\/100|[from] Sandstorm
|-damage|p1a: Alomomola|81\/100 tox|[from] Sandstorm
|-heal|p2a: Roserade|50\/100|[from] item: Black Sludge
|-damage|p1a: Alomomola|68\/100 tox|[from] psn
|upkeep
|turn|61
|
|t:|1747697593
|switch|p2a: Dracovish|Dracovish|58\/100
|switch|p1a: Moltres|Moltres|45\/100 tox
|
|-weather|Sandstorm|[upkeep]
|-damage|p1a: Moltres|39\/100 tox|[from] Sandstorm
|-heal|p1a: Moltres|100\/100 tox|[from] move: Wish|[wisher] Alomomola
|-damage|p1a: Moltres|94\/100 tox|[from] psn
|upkeep
|turn|62
|
|t:|1747697609
|switch|p1a: Alomomola|Alomomola, M|100\/100 tox
|move|p2a: Dracovish|Stone Edge|p1a: Alomomola
|-damage|p1a: Alomomola|82\/100 tox
|
|-weather|Sandstorm|[upkeep]
|-damage|p1a: Alomomola|76\/100 tox|[from] Sandstorm
|-damage|p1a: Alomomola|70\/100 tox|[from] psn
|upkeep
|turn|63
|
|t:|1747697620
|move|p2a: Dracovish|Dragon Rush|p1a: Alomomola
|-damage|p1a: Alomomola|45\/100 tox
|-damage|p2a: Dracovish|42\/100|[from] item: Rocky Helmet|[of] p1a: Alomomola
|cant|p1a: Alomomola|flinch
|
|-weather|Sandstorm|[upkeep]
|-damage|p1a: Alomomola|39\/100 tox|[from] Sandstorm
|-damage|p1a: Alomomola|27\/100 tox|[from] psn
|upkeep
|turn|64
|c|☆Astral Rifk|dude holy shit i get its 60 turns but like ok
|
|t:|1747697660
|switch|p2a: Roserade|Roserade, F|50\/100
|switch|p1a: Pecharunt|Pecharunt|96\/100
|
|-weather|Sandstorm|[upkeep]
|-damage|p2a: Roserade|44\/100|[from] Sandstorm
|-damage|p1a: Pecharunt|90\/100|[from] Sandstorm
|-heal|p2a: Roserade|50\/100|[from] item: Black Sludge
|-heal|p1a: Pecharunt|96\/100|[from] item: Black Sludge
|upkeep
|turn|65
|
|t:|1747697685
|switch|p2a: Gastrodon|Gastrodon, M|53\/100
|move|p1a: Pecharunt|Night Shade|p2a: Gastrodon
|-damage|p2a: Gastrodon|29\/100
|
|-weather|Sandstorm|[upkeep]
|-damage|p1a: Pecharunt|90\/100|[from] Sandstorm
|-heal|p1a: Pecharunt|96\/100|[from] item: Black Sludge
|upkeep
|turn|66
|
|t:|1747697694
|switch|p2a: Melmetal|Melmetal|26\/100 brn
|move|p1a: Pecharunt|Parting Shot|p2a: Melmetal
|-unboost|p2a: Melmetal|atk|1
|-unboost|p2a: Melmetal|spa|1
|
|t:|1747697698
|switch|p1a: Alomomola|Alomomola, M|60\/100 tox|[from] Parting Shot
|
|-weather|none
|-damage|p1a: Alomomola|54\/100 tox|[from] psn
|-damage|p2a: Melmetal|20\/100 brn|[from] brn
|upkeep
|turn|67
|
|t:|1747697705
|move|p1a: Alomomola|Wish|p1a: Alomomola
|move|p2a: Melmetal|Body Press|p1a: Alomomola
|-damage|p1a: Alomomola|44\/100 tox
|-damage|p2a: Melmetal|3\/100 brn|[from] item: Rocky Helmet|[of] p1a: Alomomola
|
|-damage|p1a: Alomomola|32\/100 tox|[from] psn
|-damage|p2a: Melmetal|0 fnt|[from] brn
|faint|p2a: Melmetal
|upkeep
|
|t:|1747697727
|switch|p2a: Dracovish|Dracovish|42\/100
|turn|68
|
|t:|1747697740
|move|p1a: Alomomola|Protect|p1a: Alomomola
|-singleturn|p1a: Alomomola|Protect
|move|p2a: Dracovish|Stone Edge|p1a: Alomomola
|-activate|p1a: Alomomola|move: Protect
|
|-heal|p1a: Alomomola|82\/100 tox|[from] move: Wish|[wisher] Alomomola
|-damage|p1a: Alomomola|64\/100 tox|[from] psn
|upkeep
|turn|69
|
|t:|1747697746
|switch|p2a: Roserade|Roserade, F|50\/100
|switch|p1a: Pecharunt|Pecharunt|96\/100
|
|-heal|p2a: Roserade|56\/100|[from] item: Black Sludge
|-heal|p1a: Pecharunt|100\/100|[from] item: Black Sludge
|upkeep
|turn|70
|
|t:|1747697753
|move|p2a: Roserade|Leech Seed|p1a: Pecharunt
|-start|p1a: Pecharunt|move: Leech Seed
|move|p1a: Pecharunt|Night Shade|p2a: Roserade
|-damage|p2a: Roserade|18\/100
|
|-heal|p2a: Roserade|24\/100|[from] item: Black Sludge
|-damage|p1a: Pecharunt|88\/100|[from] Leech Seed|[of] p2a: Roserade
|-heal|p2a: Roserade|42\/100|[silent]
|upkeep
|turn|71
|
|t:|1747697761
|switch|p2a: Gastrodon|Gastrodon, M|29\/100
|move|p1a: Pecharunt|Parting Shot|p2a: Gastrodon
|-unboost|p2a: Gastrodon|atk|1
|-unboost|p2a: Gastrodon|spa|1
|
|t:|1747697765
|switch|p1a: Arboliva|Arboliva, F|27\/100|[from] Parting Shot
|
|-heal|p1a: Arboliva|34\/100|[from] item: Leftovers
|upkeep
|turn|72
|
|t:|1747697772
|move|p1a: Arboliva|Synthesis|p1a: Arboliva
|-heal|p1a: Arboliva|84\/100
|move|p2a: Gastrodon|Sandstorm|p2a: Gastrodon
|-weather|Sandstorm
|
|-weather|Sandstorm|[upkeep]
|-damage|p1a: Arboliva|77\/100|[from] Sandstorm
|-heal|p1a: Arboliva|84\/100|[from] item: Leftovers
|upkeep
|turn|73
|
|t:|1747697781
|switch|p2a: Roserade|Roserade, F|42\/100
|move|p1a: Arboliva|Leech Seed|p2a: Roserade
|-immune|p2a: Roserade
|
|-weather|Sandstorm|[upkeep]
|-damage|p2a: Roserade|36\/100|[from] Sandstorm
|-damage|p1a: Arboliva|77\/100|[from] Sandstorm
|-heal|p2a: Roserade|42\/100|[from] item: Black Sludge
|-heal|p1a: Arboliva|84\/100|[from] item: Leftovers
|upkeep
|turn|74
|
|t:|1747697790
|switch|p1a: Pecharunt|Pecharunt|88\/100
|move|p2a: Roserade|Toxic|p1a: Pecharunt
|-immune|p1a: Pecharunt
|
|-weather|Sandstorm|[upkeep]
|-damage|p2a: Roserade|36\/100|[from] Sandstorm
|-damage|p1a: Pecharunt|82\/100|[from] Sandstorm
|-heal|p2a: Roserade|42\/100|[from] item: Black Sludge
|-heal|p1a: Pecharunt|88\/100|[from] item: Black Sludge
|upkeep
|turn|75
|
|t:|1747697798
|move|p2a: Roserade|Leech Seed|p1a: Pecharunt
|-start|p1a: Pecharunt|move: Leech Seed
|move|p1a: Pecharunt|Sludge Bomb|p2a: Roserade
|-damage|p2a: Roserade|9\/100
|
|-weather|Sandstorm|[upkeep]
|-damage|p2a: Roserade|3\/100|[from] Sandstorm
|-damage|p1a: Pecharunt|82\/100|[from] Sandstorm
|-heal|p2a: Roserade|9\/100|[from] item: Black Sludge
|-heal|p1a: Pecharunt|88\/100|[from] item: Black Sludge
|-damage|p1a: Pecharunt|76\/100|[from] Leech Seed|[of] p2a: Roserade
|-heal|p2a: Roserade|27\/100|[silent]
|upkeep
|turn|76
|
|t:|1747697806
|switch|p2a: Dracovish|Dracovish|42\/100
|move|p1a: Pecharunt|Sludge Bomb|p2a: Dracovish
|-damage|p2a: Dracovish|5\/100
|-status|p2a: Dracovish|psn
|-start|p2a: Dracovish|confusion|[from] ability: Poison Puppeteer|[of] p1a: Pecharunt
|
|-weather|Sandstorm|[upkeep]
|-damage|p1a: Pecharunt|70\/100|[from] Sandstorm
|-heal|p1a: Pecharunt|76\/100|[from] item: Black Sludge
|-damage|p1a: Pecharunt|63\/100|[from] Leech Seed|[of] p2a: Dracovish
|-heal|p2a: Dracovish|20\/100 psn|[silent]
|-damage|p2a: Dracovish|7\/100 psn|[from] psn
|upkeep
|turn|77
|
|t:|1747697821
|switch|p1a: Alomomola|Alomomola, M|97\/100 tox
|-activate|p2a: Dracovish|confusion
|move|p2a: Dracovish|Fishious Rend|p1a: Alomomola
|-resisted|p1a: Alomomola
|-damage|p1a: Alomomola|76\/100 tox
|-damage|p2a: Dracovish|0 fnt|[from] item: Rocky Helmet|[of] p1a: Alomomola
|faint|p2a: Dracovish
|
|-weather|Sandstorm|[upkeep]
|-damage|p1a: Alomomola|70\/100 tox|[from] Sandstorm
|-damage|p1a: Alomomola|64\/100 tox|[from] psn
|upkeep
|
|t:|1747697825
|switch|p2a: Roserade|Roserade, F|27\/100
|turn|78
|
|t:|1747697831
|switch|p2a: Latias|Latias, F|100\/100
|switch|p1a: Pecharunt|Pecharunt|63\/100
|
|-weather|Sandstorm|[upkeep]
|-damage|p2a: Latias|94\/100|[from] Sandstorm
|-damage|p1a: Pecharunt|57\/100|[from] Sandstorm
|-heal|p1a: Pecharunt|63\/100|[from] item: Black Sludge
|upkeep
|turn|79
|
|t:|1747697846
|switch|p1a: Arboliva|Arboliva, F|84\/100
|move|p2a: Latias|Reflect Type|p1a: Arboliva
|-start|p2a: Latias|typechange|[from] move: Reflect Type|[of] p1a: Arboliva
|
|-weather|none
|-heal|p1a: Arboliva|90\/100|[from] item: Leftovers
|upkeep
|-start|p2a: Latias|typechange|Grass\/Normal|[silent]
|turn|80
|
|t:|1747697857
|switch|p1a: Moltres|Moltres|94\/100 tox
|move|p2a: Latias|Calm Mind|p2a: Latias
|-boost|p2a: Latias|spa|1
|-boost|p2a: Latias|spd|1
|
|-damage|p1a: Moltres|88\/100 tox|[from] psn
|upkeep
|turn|81
|
|t:|1747697868
|move|p2a: Latias|Calm Mind|p2a: Latias
|-boost|p2a: Latias|spa|1
|-boost|p2a: Latias|spd|1
|move|p1a: Moltres|Flamethrower|p2a: Latias
|-supereffective|p2a: Latias
|-damage|p2a: Latias|68\/100
|
|-damage|p1a: Moltres|76\/100 tox|[from] psn
|upkeep
|turn|82
|
|t:|1747697876
|move|p2a: Latias|Calm Mind|p2a: Latias
|-boost|p2a: Latias|spa|1
|-boost|p2a: Latias|spd|1
|move|p1a: Moltres|U-turn|p2a: Latias
|-supereffective|p2a: Latias
|-damage|p2a: Latias|43\/100
|
|t:|1747697894
|switch|p1a: Raikou|Raikou|100\/100|[from] U-turn
|-ability|p1a: Raikou|Pressure
|
|upkeep
|turn|83
|
|t:|1747697901
|-terastallize|p1a: Raikou|Fairy
|move|p1a: Raikou|Toxic|p2a: Latias
|-status|p2a: Latias|tox
|-enditem|p2a: Latias|Lum Berry|[eat]
|-curestatus|p2a: Latias|tox|[msg]
|move|p2a: Latias|Roost|p2a: Latias
|-heal|p2a: Latias|93\/100
|-singleturn|p2a: Latias|move: Roost
|
|upkeep
|turn|84
|
|t:|1747697914
|move|p1a: Raikou|Toxic|p2a: Latias
|-status|p2a: Latias|tox
|move|p2a: Latias|Reflect Type|p1a: Raikou
|-start|p2a: Latias|typechange|[from] move: Reflect Type|[of] p1a: Raikou
|
|-damage|p2a: Latias|87\/100 tox|[from] psn
|upkeep
|-start|p2a: Latias|typechange|Fairy|[silent]
|turn|85
|
|t:|1747697925
|move|p1a: Raikou|Tera Blast|p2a: Latias|[anim] Tera Blast Fairy
|-damage|p2a: Latias|77\/100 tox
|move|p2a: Latias|Draining Kiss|p1a: Raikou
|-damage|p1a: Raikou|51\/100
|-heal|p2a: Latias|100\/100 tox|[from] drain|[of] p1a: Raikou
|
|-damage|p2a: Latias|88\/100 tox|[from] psn
|upkeep
|turn|86
|
|t:|1747697933
|move|p1a: Raikou|Volt Switch|p2a: Latias
|-damage|p2a: Latias|77\/100 tox
|
|t:|1747697938
|switch|p1a: Moltres|Moltres|76\/100 tox|[from] Volt Switch
|move|p2a: Latias|Draining Kiss|p1a: Moltres
|-resisted|p1a: Moltres
|-damage|p1a: Moltres|53\/100 tox
|-heal|p2a: Latias|96\/100 tox|[from] drain|[of] p1a: Moltres
|
|-damage|p2a: Latias|78\/100 tox|[from] psn
|-damage|p1a: Moltres|47\/100 tox|[from] psn
|upkeep
|turn|87
|
|t:|1747697944
|move|p2a: Latias|Draining Kiss|p1a: Moltres
|-resisted|p1a: Moltres
|-damage|p1a: Moltres|25\/100 tox
|-heal|p2a: Latias|95\/100 tox|[from] drain|[of] p1a: Moltres
|move|p1a: Moltres|Roost|p1a: Moltres
|-heal|p1a: Moltres|75\/100 tox
|-singleturn|p1a: Moltres|move: Roost
|
|-damage|p2a: Latias|71\/100 tox|[from] psn
|-damage|p1a: Moltres|63\/100 tox|[from] psn
|upkeep
|turn|88
|
|t:|1747697958
|move|p2a: Latias|Calm Mind|p2a: Latias
|-boost|p2a: Latias|spa|1
|-boost|p2a: Latias|spd|1
|move|p1a: Moltres|Roost|p1a: Moltres
|-heal|p1a: Moltres|100\/100 tox
|-singleturn|p1a: Moltres|move: Roost
|
|-damage|p2a: Latias|41\/100 tox|[from] psn
|-damage|p1a: Moltres|82\/100 tox|[from] psn
|upkeep
|turn|89
|
|t:|1747697967
|move|p2a: Latias|Draining Kiss|p1a: Moltres
|-resisted|p1a: Moltres
|-damage|p1a: Moltres|55\/100 tox
|-heal|p2a: Latias|63\/100 tox|[from] drain|[of] p1a: Moltres
|move|p1a: Moltres|U-turn|p2a: Latias
|-resisted|p2a: Latias
|-damage|p2a: Latias|56\/100 tox
|
|t:|1747697977
|switch|p1a: Raikou|Raikou, tera:Fairy|51\/100|[from] U-turn
|-ability|p1a: Raikou|Pressure
|
|-damage|p2a: Latias|20\/100 tox|[from] psn
|upkeep
|turn|90
|
|t:|1747697984
|move|p1a: Raikou|Volt Switch|p2a: Latias
|-damage|p2a: Latias|12\/100 tox
|
|t:|1747697989
|switch|p1a: Moltres|Moltres|55\/100 tox|[from] Volt Switch
|move|p2a: Latias|Draining Kiss|p1a: Moltres
|-resisted|p1a: Moltres
|-damage|p1a: Moltres|24\/100 tox
|-heal|p2a: Latias|37\/100 tox|[from] drain|[of] p1a: Moltres
|
|-damage|p2a: Latias|0 fnt|[from] psn
|faint|p2a: Latias
|-damage|p1a: Moltres|18\/100 tox|[from] psn
|upkeep
|
|t:|1747697994
|switch|p2a: Gastrodon|Gastrodon, M|29\/100
|turn|91
|
|t:|1747698005
|move|p1a: Moltres|U-turn|p2a: Gastrodon
|-damage|p2a: Gastrodon|13\/100
|
|t:|1747698011
|switch|p1a: Raikou|Raikou, tera:Fairy|51\/100|[from] U-turn
|-ability|p1a: Raikou|Pressure
|move|p2a: Gastrodon|Recover|p2a: Gastrodon
|-heal|p2a: Gastrodon|63\/100
|
|upkeep
|turn|92
|
|t:|1747698018
|move|p1a: Raikou|Toxic|p2a: Gastrodon|[miss]
|-miss|p1a: Raikou|p2a: Gastrodon
|move|p2a: Gastrodon|Infestation|p1a: Raikou
|-resisted|p1a: Raikou
|-crit|p1a: Raikou
|-damage|p1a: Raikou|47\/100
|-activate|p1a: Raikou|move: Infestation|[of] p2a: Gastrodon
|
|-damage|p1a: Raikou|34\/100|[from] move: Infestation|[partiallytrapped]
|upkeep
|turn|93
|
|t:|1747698026
|move|p1a: Raikou|Toxic|p2a: Gastrodon
|-status|p2a: Gastrodon|tox
|move|p2a: Gastrodon|Sandstorm|p2a: Gastrodon
|-weather|Sandstorm
|
|-weather|Sandstorm|[upkeep]
|-damage|p1a: Raikou|28\/100|[from] Sandstorm
|-damage|p2a: Gastrodon|57\/100 tox|[from] psn
|-damage|p1a: Raikou|16\/100|[from] move: Infestation|[partiallytrapped]
|upkeep
|turn|94
|
|t:|1747698032
|move|p1a: Raikou|Tera Blast|p2a: Gastrodon|[anim] Tera Blast Fairy
|-damage|p2a: Gastrodon|26\/100 tox
|move|p2a: Gastrodon|Weather Ball|p1a: Raikou
|-damage|p1a: Raikou|0 fnt
|faint|p1a: Raikou
|
|-weather|Sandstorm|[upkeep]
|-damage|p2a: Gastrodon|13\/100 tox|[from] psn
|upkeep
|c|☆Astral Rifk|alleged 90% accuracy vtw
|c|☆mildish gambino|I got one
|c|☆Astral Rifk|btw
|c|☆mildish gambino|thats good enough for me lol
|c|☆Astral Rifk|wouldnt have without half the hax here but whatever
|
|t:|1747698066
|switch|p1a: Alomomola|Alomomola, M|97\/100 tox
|turn|95
|
|t:|1747698082
|move|p1a: Alomomola|Protect|p1a: Alomomola
|-singleturn|p1a: Alomomola|Protect
|move|p2a: Gastrodon|Weather Ball|p1a: Alomomola
|-activate|p1a: Alomomola|move: Protect
|
|-weather|Sandstorm|[upkeep]
|-damage|p1a: Alomomola|91\/100 tox|[from] Sandstorm
|-damage|p1a: Alomomola|85\/100 tox|[from] psn
|-damage|p2a: Gastrodon|0 fnt|[from] psn
|faint|p2a: Gastrodon
|upkeep
|
|t:|1747698084
|switch|p2a: Roserade|Roserade, F|27\/100
|turn|96
|
|t:|1747698105
|switch|p1a: Arboliva|Arboliva, F|90\/100
|move|p2a: Roserade|Leech Seed|p1a: Arboliva
|-immune|p1a: Arboliva
|
|-weather|Sandstorm|[upkeep]
|-damage|p2a: Roserade|21\/100|[from] Sandstorm
|-damage|p1a: Arboliva|84\/100|[from] Sandstorm
|-heal|p2a: Roserade|27\/100|[from] item: Black Sludge
|-heal|p1a: Arboliva|90\/100|[from] item: Leftovers
|upkeep
|turn|97
|c|☆Astral Rifk|prob shouldve just bped but didnt expect every single powder to hit
|
|t:|1747698116
|move|p2a: Roserade|Toxic|p1a: Arboliva
|-status|p1a: Arboliva|tox
|move|p1a: Arboliva|Earth Power|p2a: Roserade
|-damage|p2a: Roserade|0 fnt
|faint|p2a: Roserade
|
|win|Astral Rifk
|l|☆Astral Rifk
|player|p1|
|c|☆mildish gambino|Tru

</script>
</div>
<div class="battle-log battle-log-inline"><div class="inner"><div class="battle-options"></div><div class="inner message-log"><div class="chat"><small>☆Astral Rifk and ☆mildish gambino joined</small></div><div class=""><small>Format:</small> <br><strong>[Gen 9] NatDex Draft</strong></div><div class=""><small><em>Sleep Clause Mod:</em> Limit one foe put to sleep</small></div><div class=""><small><em>OHKO Clause:</em> OHKO moves are banned</small></div><div class=""><small><em>Evasion Clause:</em> Evasion abilities, items, and moves are banned</small></div><div class=""><small><em>Evasion Abilities Clause:</em> Evasion abilities are banned</small></div><div class=""><small><em>Evasion Items Clause:</em> Evasion items are banned</small></div><div class=""><small><em>Evasion Moves Clause:</em> Evasion moves are banned</small></div><div class=""><small><em>Endless Battle Clause:</em> Forcing endless battles is banned</small></div><div class=""><small><em>HP Percentage Mod:</em> HP is shown in percentages</small></div><div class="chat battle-history"><strong>Astral Rifk's team:</strong> <em style="color:#445566;display:block;">Pecharunt / Arboliva / Scizor / Moltres / Alomomola / Raikou</em></div><div class="chat battle-history"><strong>mildish gambino's team:</strong> <em style="color:#445566;display:block;">Melmetal / Latias / Roserade / Dracovish / Gastrodon / Bronzong</em></div><div class="chat chatmessage-mildishgambino"><strong style="color:#bd3c44"><small class="groupsymbol">☆</small><span class="username">mildish gambino</span>:</strong> <em>glhf</em></div><div class="chat chatmessage-astralrifk"><strong style="color:#32a512"><small class="groupsymbol">☆</small><span class="username">Astral Rifk</span>:</strong> <em>u2</em></div><div class="spacer battle-history"><br></div><div class="battle-history">Battle started between Astral Rifk and mildish gambino!<br></div><div class="spacer battle-history"><br></div><div class="battle-history">Go! <strong>Scizor</strong>!<br></div><div class="spacer battle-history"><br></div><div class="battle-history">mildish gambino sent out <strong>Roserade</strong>!<br></div><div class="spacer battle-history"><br></div><h2 class="battle-history">Turn 1</h2><div class="spacer battle-history"><br></div><div class="battle-history"><small>Scizor's Scizorite is reacting to the Key Stone!</small><br>Scizor has Mega Evolved into Mega Scizor!<br></div><div class="spacer battle-history"><br></div><div class="battle-history">The opposing Roserade used <strong>Leech Seed</strong>!<br></div><div class="battle-history"><small>Scizor was seeded!</small><br></div><div class="spacer battle-history"><br></div><div class="battle-history">Scizor used <strong>U-turn</strong>!<br></div><div class="battle-history"><small>(The opposing Roserade lost 64% of its health!)</small><br></div><div class="spacer battle-history"><br></div><div class="battle-history">Scizor went back to Astral Rifk!<br></div><div class="battle-history">Go! <strong>Raikou</strong>!<br></div><div class="battle-history">[Raikou's Pressure]<br><small>Raikou is exerting its pressure!</small><br></div><div class="spacer battle-history"><br></div><div class="battle-history"><small>The opposing Roserade restored a little HP using its Black Sludge!</small><br></div><div class="spacer battle-history"><br></div><h2 class="battle-history">Turn 2</h2><div class="spacer battle-history"><br></div><div class="battle-history">Raikou, come back!<br></div><div class="battle-history">Go! Scizor (<strong>Scizor-Mega</strong>)!<br></div><div class="spacer battle-history"><br></div><div class="battle-history">mildish gambino withdrew Roserade!<br></div><div class="battle-history">mildish gambino sent out <strong>Gastrodon</strong>!<br></div><div class="spacer battle-history"><br></div><h2 class="battle-history">Turn 3</h2><div class="spacer battle-history"><br></div><div class="battle-history">mildish gambino withdrew Gastrodon!<br></div><div class="battle-history">mildish gambino sent out <strong>Bronzong</strong>!<br></div><div class="spacer battle-history"><br></div><div class="battle-history">Scizor used <strong>U-turn</strong>!<br></div><div class="battle-history"><small>(The opposing Bronzong lost 22% of its health!)</small><br></div><div class="spacer battle-history"><br></div><div class="battle-history">Scizor went back to Astral Rifk!<br></div><div class="battle-history">Go! <strong>Arboliva</strong>!<br></div><div class="spacer battle-history"><br></div><h2 class="battle-history">Turn 4</h2><div class="spacer battle-history"><br></div><div class="battle-history">Arboliva used <strong>Leech Seed</strong>!<br></div><div class="battle-history"><small>The opposing Bronzong avoided the attack!</small><br></div><div class="spacer battle-history"><br></div><div class="battle-history">The opposing Bronzong used <strong>Stealth Rock</strong>!<br></div><div class="battle-history"><small>Pointed stones float in the air around your team!</small><br></div><div class="spacer battle-history"><br></div><h2 class="battle-history">Turn 5</h2><div class="spacer battle-history"><br></div><div class="battle-history">mildish gambino withdrew Bronzong!<br></div><div class="battle-history">mildish gambino sent out <strong>Roserade</strong>!<br></div><div class="spacer battle-history"><br></div><div class="battle-history">Arboliva used <strong>Leech Seed</strong>!<br></div><div class="battle-history"><small>It doesn't affect the opposing Roserade...</small><br></div><div class="spacer battle-history"><br></div><div class="battle-history"><small>The opposing Roserade restored a little HP using its Black Sludge!</small><br></div><div class="spacer battle-history"><br></div><h2 class="battle-history">Turn 6</h2><div class="spacer battle-history"><br></div><div class="battle-history">Arboliva, come back!<br></div><div class="battle-history">Go! Scizor (<strong>Scizor-Mega</strong>)!<br></div><div class="battle-history"><small>Pointed stones dug into Scizor!</small><br></div><div class="spacer battle-history"><br></div><div class="battle-history">The opposing Roserade used <strong>Sleep Powder</strong>!<br></div><div class="battle-history"><small>Scizor fell asleep!</small><br></div><div class="spacer battle-history"><br></div><div class="battle-history"><small>The opposing Roserade restored a little HP using its Black Sludge!</small><br></div><div class="spacer battle-history"><br></div><h2 class="battle-history">Turn 7</h2><div class="spacer battle-history"><br></div><div class="battle-history">mildish gambino withdrew Roserade!<br></div><div class="battle-history">mildish gambino sent out <strong>Melmetal</strong>!<br></div><div class="spacer battle-history"><br></div><div class="battle-history">Scizor is fast asleep.<br></div><div class="spacer battle-history"><br></div><h2 class="battle-history">Turn 8</h2><div class="spacer battle-history"><br></div><div class="battle-history">Scizor, come back!<br></div><div class="battle-history">Go! <strong>Alomomola</strong>!<br></div><div class="battle-history"><small>Pointed stones dug into Alomomola!</small><br></div><div class="spacer battle-history"><br></div><div class="battle-history">The opposing Melmetal used <strong>Substitute</strong>!<br></div><div class="battle-history"><small>The opposing Melmetal put in a substitute!</small><br></div><div class="battle-history"><small>(The opposing Melmetal lost 24% of its health!)</small><br></div><div class="spacer battle-history"><br></div><div class="battle-history"><small>The opposing Melmetal restored a little HP using its Leftovers!</small><br></div><div class="spacer battle-history"><br></div><h2 class="battle-history">Turn 9</h2><div class="chat"><small>☆mildish gambino left</small></div><div class="chat"><small>☆mildish gambino joined</small></div><div class="spacer battle-history"><br></div><div class="battle-history">Alomomola used <strong>Wish</strong>!<br></div><div class="spacer battle-history"><br></div><div class="battle-history">The opposing Melmetal used <strong>Toxic</strong>!<br></div><div class="battle-history"><small>Alomomola was badly poisoned!</small><br></div><div class="spacer battle-history"><br></div><div class="battle-history"><small>The opposing Melmetal restored a little HP using its Leftovers!</small><br></div><div class="battle-history"><small>Alomomola was hurt by poison!</small><br></div><div class="spacer battle-history"><br></div><h2 class="battle-history">Turn 10</h2><div class="spacer battle-history"><br></div><div class="battle-history">Alomomola used <strong>Flip Turn</strong>!<br></div><div class="battle-history"><small>The substitute took damage for the opposing Melmetal!</small><br></div><div class="spacer battle-history"><br></div><div class="battle-history">Alomomola went back to Astral Rifk!<br></div><div class="battle-history">Go! <strong>Moltres</strong>!<br></div><div class="spacer battle-history"><br></div><div class="battle-history">The opposing Melmetal used <strong>Body Press</strong>!<br></div><div class="battle-history"><small>It's not very effective...</small><br></div><div class="battle-history"><small>(Moltres lost 10% of its health!)</small><br></div><div class="battle-history">[Moltres's Flame Body]<br><small>The opposing Melmetal was burned!</small><br></div><div class="spacer battle-history"><br></div><div class="battle-history"><small>Alomomola's wish came true!</small><br></div><div class="battle-history"><small>The opposing Melmetal restored a little HP using its Leftovers!</small><br></div><div class="battle-history"><small>The opposing Melmetal was hurt by its burn!</small><br></div><div class="spacer battle-history"><br></div><h2 class="battle-history">Turn 11</h2><div class="spacer battle-history"><br></div><div class="battle-history">Moltres used <strong>Flamethrower</strong>!<br></div><div class="battle-history"><small>It's super effective!</small><br></div><div class="battle-history"><small>The opposing Melmetal's substitute faded!</small><br></div><div class="spacer battle-history"><br></div><div class="battle-history">The opposing Melmetal used <strong>Rock Slide</strong>!<br></div><div class="battle-history"><small>It's super effective!</small><br></div><div class="battle-history"><small>(Moltres lost 32% of its health!)</small><br></div><div class="spacer battle-history"><br></div><div class="battle-history"><small>The opposing Melmetal restored a little HP using its Leftovers!</small><br></div><div class="battle-history"><small>The opposing Melmetal was hurt by its burn!</small><br></div><div class="spacer battle-history"><br></div><h2 class="battle-history">Turn 12</h2><div class="spacer battle-history"><br></div><div class="battle-history">mildish gambino withdrew Melmetal!<br></div><div class="battle-history">mildish gambino sent out <strong>Gastrodon</strong>!<br></div><div class="spacer battle-history"><br></div><div class="battle-history">Moltres used <strong>Defog</strong>!<br></div><div class="battle-history"><small>The opposing Gastrodon's evasiveness fell!</small><br></div><div class="battle-history"><small>The pointed stones disappeared from around your team!</small><br></div><div class="spacer battle-history"><br></div><h2 class="battle-history">Turn 13</h2><div class="spacer battle-history"><br></div><div class="battle-history">Moltres used <strong>U-turn</strong>!<br></div><div class="battle-history"><small>(The opposing Gastrodon lost 14% of its health!)</small><br></div><div class="spacer battle-history"><br></div><div class="battle-history">Moltres went back to Astral Rifk!<br></div><div class="battle-history">Go! <strong>Arboliva</strong>!<br></div><div class="spacer battle-history"><br></div><div class="battle-history">The opposing Gastrodon used <strong>Sandstorm</strong>!<br></div><div class="battle-history"><small>A sandstorm kicked up!</small><br></div><div class="spacer battle-history"><br></div><div class="battle-history"><small>(The sandstorm is raging.)</small><br></div><div class="battle-history"><small>Arboliva is buffeted by the sandstorm!</small><br></div><div class="battle-history"><small>Arboliva restored a little HP using its Leftovers!</small><br></div><div class="spacer battle-history"><br></div><h2 class="battle-history">Turn 14</h2><div class="spacer battle-history"><br></div><div class="battle-history">mildish gambino withdrew Gastrodon!<br></div><div class="battle-history">mildish gambino sent out <strong>Melmetal</strong>!<br></div><div class="spacer battle-history"><br></div><div class="battle-history">Arboliva used <strong>Leech Seed</strong>!<br></div><div class="battle-history"><small>The opposing Melmetal was seeded!</small><br></div><div class="spacer battle-history"><br></div><div class="battle-history"><small>(The sandstorm is raging.)</small><br></div><div class="battle-history"><small>Arboliva is buffeted by the sandstorm!</small><br></div><div class="battle-history"><small>Arboliva restored a little HP using its Leftovers!</small><br></div><div class="battle-history"><small>The opposing Melmetal restored a little HP using its Leftovers!</small><br></div><div class="battle-history"><small>The opposing Melmetal's health is sapped by Leech Seed!</small><br></div><div class="battle-history"><small>The opposing Melmetal was hurt by its burn!</small><br></div><div class="spacer battle-history"><br></div><h2 class="battle-history">Turn 15</h2><div class="spacer battle-history"><br></div><div class="battle-history">Arboliva, come back!<br></div><div class="battle-history">Go! <strong>Alomomola</strong>!<br></div><div class="spacer battle-history"><br></div><div class="battle-history">mildish gambino withdrew Melmetal!<br></div><div class="battle-history">mildish gambino sent out <strong>Roserade</strong>!<br></div><div class="spacer battle-history"><br></div><div class="battle-history"><small>(The sandstorm is raging.)</small><br></div><div class="battle-history"><small>The opposing Roserade is buffeted by the sandstorm!</small><br></div><div class="battle-history"><small>Alomomola is buffeted by the sandstorm!</small><br></div><div class="battle-history"><small>The opposing Roserade restored a little HP using its Black Sludge!</small><br></div><div class="battle-history"><small>Alomomola was hurt by poison!</small><br></div><div class="spacer battle-history"><br></div><h2 class="battle-history">Turn 16</h2><div class="spacer battle-history"><br></div><div class="battle-history">Alomomola, come back!<br></div><div class="battle-history">Go! Scizor (<strong>Scizor-Mega</strong>)!<br></div><div class="spacer battle-history"><br></div><div class="battle-history">The opposing Roserade used <strong>Leech Seed</strong>!<br></div><div class="battle-history"><small>Scizor was seeded!</small><br></div><div class="spacer battle-history"><br></div><div class="battle-history"><small>(The sandstorm is raging.)</small><br></div><div class="battle-history"><small>The opposing Roserade is buffeted by the sandstorm!</small><br></div><div class="battle-history"><small>The opposing Roserade restored a little HP using its Black Sludge!</small><br></div><div class="battle-history"><small>Scizor's health is sapped by Leech Seed!</small><br></div><div class="spacer battle-history"><br></div><h2 class="battle-history">Turn 17</h2><div class="spacer battle-history"><br></div><div class="battle-history">mildish gambino withdrew Roserade!<br></div><div class="battle-history">mildish gambino sent out <strong>Melmetal</strong>!<br></div><div class="spacer battle-history"><br></div><div class="battle-history">Scizor is fast asleep.<br></div><div class="spacer battle-history"><br></div><div class="battle-history"><small>(The sandstorm is raging.)</small><br></div><div class="battle-history"><small>The opposing Melmetal restored a little HP using its Leftovers!</small><br></div><div class="battle-history"><small>Scizor's health is sapped by Leech Seed!</small><br></div><div class="battle-history"><small>The opposing Melmetal was hurt by its burn!</small><br></div><div class="spacer battle-history"><br></div><h2 class="battle-history">Turn 18</h2><div class="spacer battle-history"><br></div><div class="battle-history"><small>Scizor woke up!</small><br></div><div class="spacer battle-history"><br></div><div class="battle-history">Scizor used <strong>Roost</strong>!<br></div><div class="battle-history"><small>Scizor had its HP restored.</small><br></div><div class="spacer battle-history"><br></div><div class="battle-history">The opposing Melmetal used <strong>Rock Slide</strong>!<br></div><div class="battle-history"><small>(Scizor lost 6% of its health!)</small><br></div><div class="spacer battle-history"><br></div><div class="battle-history"><small>(The sandstorm is raging.)</small><br></div><div class="battle-history"><small>The opposing Melmetal restored a little HP using its Leftovers!</small><br></div><div class="battle-history"><small>Scizor's health is sapped by Leech Seed!</small><br></div><div class="battle-history"><small>The opposing Melmetal was hurt by its burn!</small><br></div><div class="spacer battle-history"><br></div><h2 class="battle-history">Turn 19</h2><div class="spacer battle-history"><br></div><div class="battle-history">Scizor used <strong>Knock Off</strong>!<br></div><div class="battle-history"><small>(The opposing Melmetal lost 13% of its health!)</small><br></div><div class="battle-history"><small>Scizor knocked off the opposing Melmetal's Leftovers!</small><br></div><div class="spacer battle-history"><br></div><div class="battle-history">The opposing Melmetal used <strong>Rock Slide</strong>!<br></div><div class="battle-history"><small>(Scizor lost 7% of its health!)</small><br></div><div class="spacer battle-history"><br></div><div class="battle-history"><small>(The sandstorm is raging.)</small><br></div><div class="battle-history"><small>Scizor's health is sapped by Leech Seed!</small><br></div><div class="battle-history"><small>The opposing Melmetal was hurt by its burn!</small><br></div><div class="spacer battle-history"><br></div><h2 class="battle-history">Turn 20</h2><div class="spacer battle-history"><br></div><div class="battle-history">Scizor used <strong>U-turn</strong>!<br></div><div class="battle-history"><small>It's not very effective...</small><br></div><div class="battle-history"><small>(The opposing Melmetal lost 8% of its health!)</small><br></div><div class="spacer battle-history"><br></div><div class="battle-history">Scizor went back to Astral Rifk!<br></div><div class="battle-history">Go! <strong>Pecharunt</strong>!<br></div><div class="spacer battle-history"><br></div><div class="battle-history">The opposing Melmetal used <strong>Rock Slide</strong>!<br></div><div class="battle-history"><small>(Pecharunt lost 6% of its health!)</small><br></div><div class="spacer battle-history"><br></div><div class="battle-history"><small>The sandstorm subsided.</small><br></div><div class="battle-history"><small>Pecharunt restored a little HP using its Black Sludge!</small><br></div><div class="battle-history"><small>The opposing Melmetal was hurt by its burn!</small><br></div><div class="spacer battle-history"><br></div><h2 class="battle-history">Turn 21</h2><div class="spacer battle-history"><br></div><div class="battle-history">mildish gambino withdrew Melmetal!<br></div><div class="battle-history">mildish gambino sent out <strong>Roserade</strong>!<br></div><div class="spacer battle-history"><br></div><div class="battle-history">Pecharunt used <strong>Parting Shot</strong>!<br></div><div class="battle-history"><small>The opposing Roserade's Attack fell!</small><br></div><div class="battle-history"><small>The opposing Roserade's Sp. Atk fell!</small><br></div><div class="spacer battle-history"><br></div><div class="battle-history">Pecharunt went back to Astral Rifk!<br></div><div class="battle-history">Go! Scizor (<strong>Scizor-Mega</strong>)!<br></div><div class="spacer battle-history"><br></div><div class="battle-history"><small>The opposing Roserade restored a little HP using its Black Sludge!</small><br></div><div class="spacer battle-history"><br></div><h2 class="battle-history">Turn 22</h2><div class="spacer battle-history"><br></div><div class="battle-history">The opposing Roserade used <strong>Sleep Powder</strong>!<br></div><div class="battle-history"><small>Scizor fell asleep!</small><br></div><div class="spacer battle-history"><br></div><div class="battle-history">Scizor is fast asleep.<br></div><div class="spacer battle-history"><br></div><div class="battle-history"><small>The opposing Roserade restored a little HP using its Black Sludge!</small><br></div><div class="spacer battle-history"><br></div><h2 class="battle-history">Turn 23</h2><div class="spacer battle-history"><br></div><div class="battle-history">The opposing Roserade used <strong>Leech Seed</strong>!<br></div><div class="battle-history"><small>Scizor was seeded!</small><br></div><div class="spacer battle-history"><br></div><div class="battle-history">Scizor is fast asleep.<br></div><div class="spacer battle-history"><br></div><div class="battle-history"><small>The opposing Roserade restored a little HP using its Black Sludge!</small><br></div><div class="battle-history"><small>Scizor's health is sapped by Leech Seed!</small><br></div><div class="spacer battle-history"><br></div><h2 class="battle-history">Turn 24</h2><div class="spacer battle-history"><br></div><div class="battle-history">mildish gambino withdrew Roserade!<br></div><div class="battle-history">mildish gambino sent out <strong>Bronzong</strong>!<br></div><div class="battle-history"><small>Scizor woke up!</small><br></div><div class="spacer battle-history"><br></div><div class="battle-history">Scizor used <strong>U-turn</strong>!<br></div><div class="battle-history"><small>(The opposing Bronzong lost 24% of its health!)</small><br></div><div class="spacer battle-history"><br></div><div class="battle-history">Scizor went back to Astral Rifk!<br></div><div class="battle-history">Go! <strong>Moltres</strong>!<br></div><div class="spacer battle-history"><br></div><h2 class="battle-history">Turn 25</h2><div class="spacer battle-history"><br></div><div class="battle-history"><small>The opposing Bronzong has Terastallized into the Fighting-type!</small><br></div><div class="spacer battle-history"><br></div><div class="battle-history">Moltres used <strong>U-turn</strong>!<br></div><div class="battle-history"><small>It's not very effective...</small><br></div><div class="battle-history"><small>(The opposing Bronzong lost 5% of its health!)</small><br></div><div class="spacer battle-history"><br></div><div class="battle-history">Moltres went back to Astral Rifk!<br></div><div class="battle-history">Go! <strong>Alomomola</strong>!<br></div><div class="spacer battle-history"><br></div><div class="battle-history">The opposing Bronzong used <strong>Trick Room</strong>!<br></div><div class="battle-history"><small>The opposing Bronzong twisted the dimensions!</small><br></div><div class="spacer battle-history"><br></div><div class="battle-history"><small>Alomomola was hurt by poison!</small><br></div><div class="spacer battle-history"><br></div><h2 class="battle-history">Turn 26</h2><div class="spacer battle-history"><br></div><div class="battle-history">The opposing Bronzong used <strong>Stealth Rock</strong>!<br></div><div class="battle-history"><small>Pointed stones float in the air around your team!</small><br></div><div class="spacer battle-history"><br></div><div class="battle-history">Alomomola used <strong>Toxic</strong>!<br></div><div class="battle-history"><small>The opposing Bronzong was badly poisoned!</small><br></div><div class="spacer battle-history"><br></div><div class="battle-history"><small>The opposing Bronzong was hurt by poison!</small><br></div><div class="battle-history"><small>Alomomola was hurt by poison!</small><br></div><div class="spacer battle-history"><br></div><h2 class="battle-history">Turn 27</h2><div class="spacer battle-history"><br></div><div class="battle-history">The opposing Bronzong used <strong>Explosion</strong>!<br></div><div class="battle-history"><small>(Alomomola lost 31% of its health!)</small><br></div><div class="spacer battle-history"><br></div><div class="battle-history">The opposing Bronzong fainted!<br></div><div class="battle-history">Alomomola used <strong>Flip Turn</strong>!<br></div><div class="battle-history"><small>But it failed!</small><br></div><div class="spacer battle-history"><br></div><div class="battle-history"><small>Alomomola was hurt by poison!</small><br></div><div class="spacer battle-history"><br></div><div class="battle-history">mildish gambino sent out <strong>Gastrodon</strong>!<br></div><div class="spacer battle-history"><br></div><h2 class="battle-history">Turn 28</h2><div class="spacer battle-history"><br></div><div class="battle-history">Alomomola, come back!<br></div><div class="battle-history">Go! <strong>Arboliva</strong>!<br></div><div class="battle-history"><small>Pointed stones dug into Arboliva!</small><br></div><div class="spacer battle-history"><br></div><div class="battle-history">The opposing Gastrodon used <strong>Sandstorm</strong>!<br></div><div class="battle-history"><small>A sandstorm kicked up!</small><br></div><div class="spacer battle-history"><br></div><div class="battle-history"><small>(The sandstorm is raging.)</small><br></div><div class="battle-history"><small>Arboliva is buffeted by the sandstorm!</small><br></div><div class="battle-history"><small>Arboliva restored a little HP using its Leftovers!</small><br></div><div class="spacer battle-history"><br></div><h2 class="battle-history">Turn 29</h2><div class="spacer battle-history"><br></div><div class="battle-history">mildish gambino withdrew Gastrodon!<br></div><div class="battle-history">mildish gambino sent out <strong>Roserade</strong>!<br></div><div class="spacer battle-history"><br></div><div class="battle-history">Arboliva used <strong>Leech Seed</strong>!<br></div><div class="battle-history"><small>It doesn't affect the opposing Roserade...</small><br></div><div class="spacer battle-history"><br></div><div class="battle-history"><small>(The sandstorm is raging.)</small><br></div><div class="battle-history"><small>Arboliva is buffeted by the sandstorm!</small><br></div><div class="battle-history"><small>The opposing Roserade is buffeted by the sandstorm!</small><br></div><div class="battle-history"><small>Arboliva restored a little HP using its Leftovers!</small><br></div><div class="battle-history"><small>The opposing Roserade restored a little HP using its Black Sludge!</small><br></div><div class="battle-history"><small>The twisted dimensions returned to normal!</small><br></div><div class="spacer battle-history"><br></div><h2 class="battle-history">Turn 30</h2><div class="spacer battle-history"><br></div><div class="battle-history">mildish gambino withdrew Roserade!<br></div><div class="battle-history">mildish gambino sent out <strong>Dracovish</strong>!<br></div><div class="spacer battle-history"><br></div><div class="battle-history">Arboliva, come back!<br></div><div class="battle-history">Go! Scizor (<strong>Scizor-Mega</strong>)!<br></div><div class="battle-history"><small>Pointed stones dug into Scizor!</small><br></div><div class="spacer battle-history"><br></div><div class="battle-history"><small>(The sandstorm is raging.)</small><br></div><div class="spacer battle-history"><br></div><h2 class="battle-history">Turn 31</h2><div class="spacer battle-history"><br></div><div class="battle-history">Scizor, come back!<br></div><div class="battle-history">Go! <strong>Arboliva</strong>!<br></div><div class="battle-history"><small>Pointed stones dug into Arboliva!</small><br></div><div class="spacer battle-history"><br></div><div class="battle-history">The opposing Dracovish used <strong>Fishious Rend</strong>!<br></div><div class="battle-history"><small>It's not very effective...</small><br></div><div class="battle-history"><small>(Arboliva lost 26% of its health!)</small><br></div><div class="battle-history">[Arboliva's Seed Sower]<br><small>Grass grew to cover the battlefield!</small><br></div><div class="spacer battle-history"><br></div><div class="battle-history"><small>(The sandstorm is raging.)</small><br></div><div class="battle-history"><small>Arboliva is buffeted by the sandstorm!</small><br></div><div class="battle-history"><small>Arboliva's HP was restored.</small><br></div><div class="battle-history"><small>Arboliva restored a little HP using its Leftovers!</small><br></div><div class="spacer battle-history"><br></div><h2 class="battle-history">Turn 32</h2><div class="spacer battle-history"><br></div><div class="battle-history">The opposing Dracovish used <strong>Dragon Rush</strong>!<br></div><div class="battle-history"><small>(Arboliva lost 30% of its health!)</small><br></div><div class="spacer battle-history"><br></div><div class="battle-history">Arboliva used <strong>Synthesis</strong>!<br></div><div class="battle-history"><small>Arboliva had its HP restored.</small><br></div><div class="spacer battle-history"><br></div><div class="battle-history"><small>(The sandstorm is raging.)</small><br></div><div class="battle-history"><small>Arboliva is buffeted by the sandstorm!</small><br></div><div class="battle-history"><small>Arboliva's HP was restored.</small><br></div><div class="battle-history"><small>Arboliva restored a little HP using its Leftovers!</small><br></div><div class="spacer battle-history"><br></div><h2 class="battle-history">Turn 33</h2><div class="spacer battle-history"><br></div><div class="battle-history">The opposing Dracovish used <strong>Dragon Rush</strong>!<br></div><div class="battle-history"><small>(Arboliva lost 35% of its health!)</small><br></div><div class="spacer battle-history"><br></div><div class="battle-history">Arboliva used <strong>Leech Seed</strong>!<br></div><div class="battle-history"><small>The opposing Dracovish avoided the attack!</small><br></div><div class="spacer battle-history"><br></div><div class="battle-history"><small>(The sandstorm is raging.)</small><br></div><div class="battle-history"><small>Arboliva is buffeted by the sandstorm!</small><br></div><div class="battle-history"><small>Arboliva's HP was restored.</small><br></div><div class="battle-history"><small>Arboliva restored a little HP using its Leftovers!</small><br></div><div class="spacer battle-history"><br></div><h2 class="battle-history">Turn 34</h2><div class="chat chatmessage-astralrifk"><strong style="color:#32a512"><small class="groupsymbol">☆</small><span class="username">Astral Rifk</span>:</strong> <em>oh my god</em></div><div class="spacer battle-history"><br></div><div class="battle-history">Arboliva, come back!<br></div><div class="battle-history">Go! <strong>Alomomola</strong>!<br></div><div class="battle-history"><small>Pointed stones dug into Alomomola!</small><br></div><div class="spacer battle-history"><br></div><div class="battle-history">The opposing Dracovish used <strong>Dragon Rush</strong>!<br></div><div class="battle-history"><small>(Alomomola lost 27% of its health!)</small><br></div><div class="battle-history"><small>The opposing Dracovish was hurt by the Rocky Helmet!</small><br></div><div class="spacer battle-history"><br></div><div class="battle-history"><small>(The sandstorm is raging.)</small><br></div><div class="battle-history"><small>Alomomola is buffeted by the sandstorm!</small><br></div><div class="battle-history"><small>The opposing Dracovish's HP was restored.</small><br></div><div class="battle-history"><small>Alomomola's HP was restored.</small><br></div><div class="battle-history"><small>Alomomola was hurt by poison!</small><br></div><div class="spacer battle-history"><br></div><h2 class="battle-history">Turn 35</h2><div class="spacer battle-history"><br></div><div class="battle-history">Alomomola used <strong>Protect</strong>!<br></div><div class="battle-history"><small>Alomomola protected itself!</small><br></div><div class="spacer battle-history"><br></div><div class="battle-history">The opposing Dracovish used <strong>Dragon Rush</strong>!<br></div><div class="battle-history"><small>Alomomola protected itself!</small><br></div><div class="spacer battle-history"><br></div><div class="battle-history"><small>The sandstorm subsided.</small><br></div><div class="battle-history"><small>The opposing Dracovish's HP was restored.</small><br></div><div class="battle-history"><small>Alomomola's HP was restored.</small><br></div><div class="battle-history"><small>Alomomola was hurt by poison!</small><br></div><div class="battle-history"><small>The grass disappeared from the battlefield.</small><br></div><div class="spacer battle-history"><br></div><h2 class="battle-history">Turn 36</h2><div class="spacer battle-history"><br></div><div class="battle-history">Alomomola, come back!<br></div><div class="battle-history">Go! <strong>Pecharunt</strong>!<br></div><div class="battle-history"><small>Pointed stones dug into Pecharunt!</small><br></div><div class="spacer battle-history"><br></div><div class="battle-history">The opposing Dracovish used <strong>Dragon Rush</strong>!<br></div><div class="battle-history"><small>(Pecharunt lost 24% of its health!)</small><br></div><div class="spacer battle-history"><br></div><div class="battle-history"><small>Pecharunt restored a little HP using its Black Sludge!</small><br></div><div class="spacer battle-history"><br></div><h2 class="battle-history">Turn 37</h2><div class="spacer battle-history"><br></div><div class="battle-history">mildish gambino withdrew Dracovish!<br></div><div class="battle-history">mildish gambino sent out <strong>Roserade</strong>!<br></div><div class="spacer battle-history"><br></div><div class="battle-history">Pecharunt used <strong>Recover</strong>!<br></div><div class="battle-history"><small>Pecharunt had its HP restored.</small><br></div><div class="spacer battle-history"><br></div><h2 class="battle-history">Turn 38</h2><div class="spacer battle-history"><br></div><div class="battle-history">The opposing Roserade used <strong>Leech Seed</strong>!<br></div><div class="battle-history"><small>Pecharunt was seeded!</small><br></div><div class="spacer battle-history"><br></div><div class="battle-history">Pecharunt used <strong>Parting Shot</strong>!<br></div><div class="battle-history"><small>The opposing Roserade's Attack fell!</small><br></div><div class="battle-history"><small>The opposing Roserade's Sp. Atk fell!</small><br></div><div class="spacer battle-history"><br></div><div class="battle-history">Pecharunt went back to Astral Rifk!<br></div><div class="battle-history">Go! Scizor (<strong>Scizor-Mega</strong>)!<br></div><div class="battle-history"><small>Pointed stones dug into Scizor!</small><br></div><div class="spacer battle-history"><br></div><h2 class="battle-history">Turn 39</h2><div class="spacer battle-history"><br></div><div class="battle-history">The opposing Roserade used <strong>Sleep Powder</strong>!<br></div><div class="battle-history"><small>Scizor fell asleep!</small><br></div><div class="spacer battle-history"><br></div><div class="battle-history">Scizor is fast asleep.<br></div><div class="spacer battle-history"><br></div><h2 class="battle-history">Turn 40</h2><div class="spacer battle-history"><br></div><div class="battle-history">mildish gambino withdrew Roserade!<br></div><div class="battle-history">mildish gambino sent out <strong>Dracovish</strong>!<br></div><div class="battle-history"><small>Scizor woke up!</small><br></div><div class="spacer battle-history"><br></div><div class="battle-history">Scizor used <strong>Roost</strong>!<br></div><div class="battle-history"><small>Scizor had its HP restored.</small><br></div><div class="spacer battle-history"><br></div><h2 class="battle-history">Turn 41</h2><div class="spacer battle-history"><br></div><div class="battle-history">The opposing Dracovish used <strong>Fishious Rend</strong>!<br></div><div class="battle-history"><small>(Scizor lost 44% of its health!)</small><br></div><div class="spacer battle-history"><br></div><div class="battle-history">Scizor used <strong>U-turn</strong>!<br></div><div class="battle-history"><small>(The opposing Dracovish lost 38% of its health!)</small><br></div><div class="spacer battle-history"><br></div><div class="battle-history">Scizor went back to Astral Rifk!<br></div><div class="battle-history">Go! <strong>Pecharunt</strong>!<br></div><div class="battle-history"><small>Pointed stones dug into Pecharunt!</small><br></div><div class="spacer battle-history"><br></div><div class="battle-history"><small>Pecharunt restored a little HP using its Black Sludge!</small><br></div><div class="spacer battle-history"><br></div><h2 class="battle-history">Turn 42</h2><div class="spacer battle-history"><br></div><div class="battle-history">mildish gambino withdrew Dracovish!<br></div><div class="battle-history">mildish gambino sent out <strong>Roserade</strong>!<br></div><div class="spacer battle-history"><br></div><div class="battle-history">Pecharunt used <strong>Parting Shot</strong>!<br></div><div class="battle-history"><small>The opposing Roserade's Attack fell!</small><br></div><div class="battle-history"><small>The opposing Roserade's Sp. Atk fell!</small><br></div><div class="spacer battle-history"><br></div><div class="battle-history">Pecharunt went back to Astral Rifk!<br></div><div class="battle-history">Go! Scizor (<strong>Scizor-Mega</strong>)!<br></div><div class="battle-history"><small>Pointed stones dug into Scizor!</small><br></div><div class="spacer battle-history"><br></div><h2 class="battle-history">Turn 43</h2><div class="spacer battle-history"><br></div><div class="battle-history">The opposing Roserade used <strong>Sleep Powder</strong>!<br></div><div class="battle-history"><small>Scizor fell asleep!</small><br></div><div class="spacer battle-history"><br></div><div class="battle-history">Scizor is fast asleep.<br></div><div class="spacer battle-history"><br></div><h2 class="battle-history">Turn 44</h2><div class="spacer battle-history"><br></div><div class="battle-history">Scizor, come back!<br></div><div class="battle-history">Go! <strong>Moltres</strong>!<br></div><div class="spacer battle-history"><br></div><div class="battle-history">The opposing Roserade used <strong>Leech Seed</strong>!<br></div><div class="battle-history"><small>Moltres was seeded!</small><br></div><div class="spacer battle-history"><br></div><div class="battle-history"><small>Moltres's health is sapped by Leech Seed!</small><br></div><div class="spacer battle-history"><br></div><h2 class="battle-history">Turn 45</h2><div class="spacer battle-history"><br></div><div class="battle-history">The opposing Roserade used <strong>Toxic</strong>!<br></div><div class="battle-history"><small>Moltres was badly poisoned!</small><br></div><div class="spacer battle-history"><br></div><div class="battle-history">Moltres used <strong>Defog</strong>!<br></div><div class="battle-history"><small>The opposing Roserade's evasiveness fell!</small><br></div><div class="battle-history"><small>The pointed stones disappeared from around your team!</small><br></div><div class="spacer battle-history"><br></div><div class="battle-history"><small>Moltres's health is sapped by Leech Seed!</small><br></div><div class="battle-history"><small>Moltres was hurt by poison!</small><br></div><div class="spacer battle-history"><br></div><h2 class="battle-history">Turn 46</h2><div class="spacer battle-history"><br></div><div class="battle-history">mildish gambino withdrew Roserade!<br></div><div class="battle-history">mildish gambino sent out <strong>Gastrodon</strong>!<br></div><div class="spacer battle-history"><br></div><div class="battle-history">Moltres, come back!<br></div><div class="battle-history">Go! <strong>Pecharunt</strong>!<br></div><div class="spacer battle-history"><br></div><div class="battle-history"><small>Pecharunt restored a little HP using its Black Sludge!</small><br></div><div class="spacer battle-history"><br></div><h2 class="battle-history">Turn 47</h2><div class="spacer battle-history"><br></div><div class="battle-history">mildish gambino withdrew Gastrodon!<br></div><div class="battle-history">mildish gambino sent out <strong>Roserade</strong>!<br></div><div class="spacer battle-history"><br></div><div class="battle-history">Pecharunt used <strong>Parting Shot</strong>!<br></div><div class="battle-history"><small>The opposing Roserade's Attack fell!</small><br></div><div class="battle-history"><small>The opposing Roserade's Sp. Atk fell!</small><br></div><div class="spacer battle-history"><br></div><div class="battle-history">Pecharunt went back to Astral Rifk!<br></div><div class="battle-history">Go! <strong>Moltres</strong>!<br></div><div class="spacer battle-history"><br></div><div class="battle-history"><small>Moltres was hurt by poison!</small><br></div><div class="spacer battle-history"><br></div><h2 class="battle-history">Turn 48</h2><div class="spacer battle-history"><br></div><div class="battle-history">mildish gambino withdrew Roserade!<br></div><div class="battle-history">mildish gambino sent out <strong>Melmetal</strong>!<br></div><div class="spacer battle-history"><br></div><div class="battle-history">Moltres used <strong>Roost</strong>!<br></div><div class="battle-history"><small>Moltres had its HP restored.</small><br></div><div class="battle-history"><small>(Moltres loses Flying type this turn.)</small><br></div><div class="spacer battle-history"><br></div><div class="battle-history"><small>Moltres was hurt by poison!</small><br></div><div class="battle-history"><small>The opposing Melmetal was hurt by its burn!</small><br></div><div class="spacer battle-history"><br></div><h2 class="battle-history">Turn 49</h2><div class="spacer battle-history"><br></div><div class="battle-history">Moltres used <strong>U-turn</strong>!<br></div><div class="battle-history"><small>It's not very effective...</small><br></div><div class="battle-history"><small>(The opposing Melmetal lost 3% of its health!)</small><br></div><div class="spacer battle-history"><br></div><div class="battle-history">Moltres went back to Astral Rifk!<br></div><div class="battle-history">Go! <strong>Pecharunt</strong>!<br></div><div class="spacer battle-history"><br></div><div class="battle-history">The opposing Melmetal used <strong>Rock Slide</strong>!<br></div><div class="battle-history"><small>(Pecharunt lost 5% of its health!)</small><br></div><div class="spacer battle-history"><br></div><div class="battle-history"><small>Pecharunt restored a little HP using its Black Sludge!</small><br></div><div class="battle-history"><small>The opposing Melmetal was hurt by its burn!</small><br></div><div class="spacer battle-history"><br></div><h2 class="battle-history">Turn 50</h2><div class="spacer battle-history"><br></div><div class="battle-history">mildish gambino withdrew Melmetal!<br></div><div class="battle-history">mildish gambino sent out <strong>Roserade</strong>!<br></div><div class="spacer battle-history"><br></div><div class="battle-history">Pecharunt used <strong>Night Shade</strong>!<br></div><div class="battle-history"><small>(The opposing Roserade lost 38% of its health!)</small><br></div><div class="spacer battle-history"><br></div><div class="battle-history"><small>The opposing Roserade restored a little HP using its Black Sludge!</small><br></div><div class="battle-history"><small>Pecharunt restored a little HP using its Black Sludge!</small><br></div><div class="spacer battle-history"><br></div><h2 class="battle-history">Turn 51</h2><div class="spacer battle-history"><br></div><div class="battle-history">The opposing Roserade used <strong>Leech Seed</strong>!<br></div><div class="battle-history"><small>Pecharunt was seeded!</small><br></div><div class="spacer battle-history"><br></div><div class="battle-history">Pecharunt used <strong>Night Shade</strong>!<br></div><div class="battle-history"><small>(The opposing Roserade lost 38% of its health!)</small><br></div><div class="spacer battle-history"><br></div><div class="battle-history"><small>The opposing Roserade restored a little HP using its Black Sludge!</small><br></div><div class="battle-history"><small>Pecharunt's health is sapped by Leech Seed!</small><br></div><div class="spacer battle-history"><br></div><h2 class="battle-history">Turn 52</h2><div class="spacer battle-history"><br></div><div class="battle-history">mildish gambino withdrew Roserade!<br></div><div class="battle-history">mildish gambino sent out <strong>Melmetal</strong>!<br></div><div class="spacer battle-history"><br></div><div class="battle-history">Pecharunt used <strong>Parting Shot</strong>!<br></div><div class="battle-history"><small>The opposing Melmetal's Attack fell!</small><br></div><div class="battle-history"><small>The opposing Melmetal's Sp. Atk fell!</small><br></div><div class="spacer battle-history"><br></div><div class="battle-history">Pecharunt went back to Astral Rifk!<br></div><div class="battle-history">Go! <strong>Alomomola</strong>!<br></div><div class="spacer battle-history"><br></div><div class="battle-history"><small>Alomomola was hurt by poison!</small><br></div><div class="battle-history"><small>The opposing Melmetal was hurt by its burn!</small><br></div><div class="spacer battle-history"><br></div><h2 class="battle-history">Turn 53</h2><div class="spacer battle-history"><br></div><div class="battle-history">Alomomola, come back!<br></div><div class="battle-history">Go! <strong>Pecharunt</strong>!<br></div><div class="spacer battle-history"><br></div><div class="battle-history">mildish gambino withdrew Melmetal!<br></div><div class="battle-history">mildish gambino sent out <strong>Roserade</strong>!<br></div><div class="spacer battle-history"><br></div><div class="battle-history"><small>The opposing Roserade restored a little HP using its Black Sludge!</small><br></div><div class="battle-history"><small>Pecharunt restored a little HP using its Black Sludge!</small><br></div><div class="spacer battle-history"><br></div><h2 class="battle-history">Turn 54</h2><div class="spacer battle-history"><br></div><div class="battle-history">mildish gambino withdrew Roserade!<br></div><div class="battle-history">mildish gambino sent out <strong>Melmetal</strong>!<br></div><div class="spacer battle-history"><br></div><div class="battle-history">Pecharunt used <strong>Parting Shot</strong>!<br></div><div class="battle-history"><small>The opposing Melmetal's Attack fell!</small><br></div><div class="battle-history"><small>The opposing Melmetal's Sp. Atk fell!</small><br></div><div class="chat"><small>☆Astral Rifk left</small></div><div class="chat"><small>☆Astral Rifk joined</small></div><div class="spacer battle-history"><br></div><div class="battle-history">Pecharunt went back to Astral Rifk!<br></div><div class="battle-history">Go! <strong>Moltres</strong>!<br></div><div class="spacer battle-history"><br></div><div class="battle-history"><small>Moltres was hurt by poison!</small><br></div><div class="battle-history"><small>The opposing Melmetal was hurt by its burn!</small><br></div><div class="spacer battle-history"><br></div><h2 class="battle-history">Turn 55</h2><div class="spacer battle-history"><br></div><div class="battle-history">Moltres used <strong>U-turn</strong>!<br></div><div class="battle-history"><small>It's not very effective...</small><br></div><div class="battle-history"><small>(The opposing Melmetal lost 3% of its health!)</small><br></div><div class="spacer battle-history"><br></div><div class="battle-history">Moltres went back to Astral Rifk!<br></div><div class="battle-history">Go! <strong>Pecharunt</strong>!<br></div><div class="spacer battle-history"><br></div><div class="battle-history">The opposing Melmetal used <strong>Rock Slide</strong>!<br></div><div class="battle-history"><small>(Pecharunt lost 4% of its health!)</small><br></div><div class="spacer battle-history"><br></div><div class="battle-history"><small>Pecharunt restored a little HP using its Black Sludge!</small><br></div><div class="battle-history"><small>The opposing Melmetal was hurt by its burn!</small><br></div><div class="spacer battle-history"><br></div><h2 class="battle-history">Turn 56</h2><div class="spacer battle-history"><br></div><div class="battle-history">Pecharunt used <strong>Parting Shot</strong>!<br></div><div class="battle-history"><small>The opposing Melmetal's Attack fell!</small><br></div><div class="battle-history"><small>The opposing Melmetal's Sp. Atk fell!</small><br></div><div class="chat"><small> SarcTechie joined</small></div><div class="spacer battle-history"><br></div><div class="battle-history">Pecharunt went back to Astral Rifk!<br></div><div class="battle-history">Go! <strong>Alomomola</strong>!<br></div><div class="spacer battle-history"><br></div><div class="battle-history">The opposing Melmetal used <strong>Rock Slide</strong>!<br></div><div class="battle-history"><small>(Alomomola lost 3% of its health!)</small><br></div><div class="spacer battle-history"><br></div><div class="battle-history"><small>Alomomola was hurt by poison!</small><br></div><div class="battle-history"><small>The opposing Melmetal was hurt by its burn!</small><br></div><div class="spacer battle-history"><br></div><h2 class="battle-history">Turn 57</h2><div class="spacer battle-history"><br></div><div class="battle-history">mildish gambino withdrew Melmetal!<br></div><div class="battle-history">mildish gambino sent out <strong>Roserade</strong>!<br></div><div class="spacer battle-history"><br></div><div class="battle-history">Alomomola used <strong>Flip Turn</strong>!<br></div><div class="battle-history"><small>It's not very effective...</small><br></div><div class="battle-history"><small>(The opposing Roserade lost 16% of its health!)</small><br></div><div class="spacer battle-history"><br></div><div class="battle-history">Alomomola went back to Astral Rifk!<br></div><div class="battle-history">Go! <strong>Moltres</strong>!<br></div><div class="spacer battle-history"><br></div><div class="battle-history"><small>The opposing Roserade restored a little HP using its Black Sludge!</small><br></div><div class="battle-history"><small>Moltres was hurt by poison!</small><br></div><div class="spacer battle-history"><br></div><h2 class="battle-history">Turn 58</h2><div class="chat"><small> SarcTechie left</small></div><div class="spacer battle-history"><br></div><div class="battle-history">mildish gambino withdrew Roserade!<br></div><div class="battle-history">mildish gambino sent out <strong>Gastrodon</strong>!<br></div><div class="spacer battle-history"><br></div><div class="battle-history">Moltres used <strong>Flamethrower</strong>!<br></div><div class="battle-history"><small>It's not very effective...</small><br></div><div class="battle-history"><small>(The opposing Gastrodon lost 16% of its health!)</small><br></div><div class="spacer battle-history"><br></div><div class="battle-history"><small>Moltres was hurt by poison!</small><br></div><div class="spacer battle-history"><br></div><h2 class="battle-history">Turn 59</h2><div class="spacer battle-history"><br></div><div class="battle-history">Moltres used <strong>U-turn</strong>!<br></div><div class="battle-history"><small>(The opposing Gastrodon lost 17% of its health!)</small><br></div><div class="spacer battle-history"><br></div><div class="battle-history">Moltres went back to Astral Rifk!<br></div><div class="battle-history">Go! <strong>Alomomola</strong>!<br></div><div class="spacer battle-history"><br></div><div class="battle-history">The opposing Gastrodon used <strong>Sandstorm</strong>!<br></div><div class="battle-history"><small>A sandstorm kicked up!</small><br></div><div class="spacer battle-history"><br></div><div class="battle-history"><small>(The sandstorm is raging.)</small><br></div><div class="battle-history"><small>Alomomola is buffeted by the sandstorm!</small><br></div><div class="battle-history"><small>Alomomola was hurt by poison!</small><br></div><div class="spacer battle-history"><br></div><h2 class="battle-history">Turn 60</h2><div class="spacer battle-history"><br></div><div class="battle-history">mildish gambino withdrew Gastrodon!<br></div><div class="battle-history">mildish gambino sent out <strong>Roserade</strong>!<br></div><div class="spacer battle-history"><br></div><div class="battle-history">Alomomola used <strong>Wish</strong>!<br></div><div class="spacer battle-history"><br></div><div class="battle-history"><small>(The sandstorm is raging.)</small><br></div><div class="battle-history"><small>The opposing Roserade is buffeted by the sandstorm!</small><br></div><div class="battle-history"><small>Alomomola is buffeted by the sandstorm!</small><br></div><div class="battle-history"><small>The opposing Roserade restored a little HP using its Black Sludge!</small><br></div><div class="battle-history"><small>Alomomola was hurt by poison!</small><br></div><div class="spacer battle-history"><br></div><h2 class="battle-history">Turn 61</h2><div class="spacer battle-history"><br></div><div class="battle-history">mildish gambino withdrew Roserade!<br></div><div class="battle-history">mildish gambino sent out <strong>Dracovish</strong>!<br></div><div class="spacer battle-history"><br></div><div class="battle-history">Alomomola, come back!<br></div><div class="battle-history">Go! <strong>Moltres</strong>!<br></div><div class="spacer battle-history"><br></div><div class="battle-history"><small>(The sandstorm is raging.)</small><br></div><div class="battle-history"><small>Moltres is buffeted by the sandstorm!</small><br></div><div class="battle-history"><small>Alomomola's wish came true!</small><br></div><div class="battle-history"><small>Moltres was hurt by poison!</small><br></div><div class="spacer battle-history"><br></div><h2 class="battle-history">Turn 62</h2><div class="spacer battle-history"><br></div><div class="battle-history">Moltres, come back!<br></div><div class="battle-history">Go! <strong>Alomomola</strong>!<br></div><div class="spacer battle-history"><br></div><div class="battle-history">The opposing Dracovish used <strong>Stone Edge</strong>!<br></div><div class="battle-history"><small>(Alomomola lost 18% of its health!)</small><br></div><div class="spacer battle-history"><br></div><div class="battle-history"><small>(The sandstorm is raging.)</small><br></div><div class="battle-history"><small>Alomomola is buffeted by the sandstorm!</small><br></div><div class="battle-history"><small>Alomomola was hurt by poison!</small><br></div><div class="spacer battle-history"><br></div><h2 class="battle-history">Turn 63</h2><div class="spacer battle-history"><br></div><div class="battle-history">The opposing Dracovish used <strong>Dragon Rush</strong>!<br></div><div class="battle-history"><small>(Alomomola lost 25% of its health!)</small><br></div><div class="battle-history"><small>The opposing Dracovish was hurt by the Rocky Helmet!</small><br></div><div class="spacer battle-history"><br></div><div class="battle-history">Alomomola flinched and couldn't move!<br></div><div class="spacer battle-history"><br></div><div class="battle-history"><small>(The sandstorm is raging.)</small><br></div><div class="battle-history"><small>Alomomola is buffeted by the sandstorm!</small><br></div><div class="battle-history"><small>Alomomola was hurt by poison!</small><br></div><div class="spacer battle-history"><br></div><h2 class="battle-history">Turn 64</h2><div class="chat chatmessage-astralrifk"><strong style="color:#32a512"><small class="groupsymbol">☆</small><span class="username">Astral Rifk</span>:</strong> <em>dude holy shit i get its 60 turns but like ok</em></div><div class="spacer battle-history"><br></div><div class="battle-history">mildish gambino withdrew Dracovish!<br></div><div class="battle-history">mildish gambino sent out <strong>Roserade</strong>!<br></div><div class="spacer battle-history"><br></div><div class="battle-history">Alomomola, come back!<br></div><div class="battle-history">Go! <strong>Pecharunt</strong>!<br></div><div class="spacer battle-history"><br></div><div class="battle-history"><small>(The sandstorm is raging.)</small><br></div><div class="battle-history"><small>The opposing Roserade is buffeted by the sandstorm!</small><br></div><div class="battle-history"><small>Pecharunt is buffeted by the sandstorm!</small><br></div><div class="battle-history"><small>The opposing Roserade restored a little HP using its Black Sludge!</small><br></div><div class="battle-history"><small>Pecharunt restored a little HP using its Black Sludge!</small><br></div><div class="spacer battle-history"><br></div><h2 class="battle-history">Turn 65</h2><div class="spacer battle-history"><br></div><div class="battle-history">mildish gambino withdrew Roserade!<br></div><div class="battle-history">mildish gambino sent out <strong>Gastrodon</strong>!<br></div><div class="spacer battle-history"><br></div><div class="battle-history">Pecharunt used <strong>Night Shade</strong>!<br></div><div class="battle-history"><small>(The opposing Gastrodon lost 24% of its health!)</small><br></div><div class="spacer battle-history"><br></div><div class="battle-history"><small>(The sandstorm is raging.)</small><br></div><div class="battle-history"><small>Pecharunt is buffeted by the sandstorm!</small><br></div><div class="battle-history"><small>Pecharunt restored a little HP using its Black Sludge!</small><br></div><div class="spacer battle-history"><br></div><h2 class="battle-history">Turn 66</h2><div class="spacer battle-history"><br></div><div class="battle-history">mildish gambino withdrew Gastrodon!<br></div><div class="battle-history">mildish gambino sent out <strong>Melmetal</strong>!<br></div><div class="spacer battle-history"><br></div><div class="battle-history">Pecharunt used <strong>Parting Shot</strong>!<br></div><div class="battle-history"><small>The opposing Melmetal's Attack fell!</small><br></div><div class="battle-history"><small>The opposing Melmetal's Sp. Atk fell!</small><br></div><div class="spacer battle-history"><br></div><div class="battle-history">Pecharunt went back to Astral Rifk!<br></div><div class="battle-history">Go! <strong>Alomomola</strong>!<br></div><div class="spacer battle-history"><br></div><div class="battle-history"><small>The sandstorm subsided.</small><br></div><div class="battle-history"><small>Alomomola was hurt by poison!</small><br></div><div class="battle-history"><small>The opposing Melmetal was hurt by its burn!</small><br></div><div class="spacer battle-history"><br></div><h2 class="battle-history">Turn 67</h2><div class="spacer battle-history"><br></div><div class="battle-history">Alomomola used <strong>Wish</strong>!<br></div><div class="spacer battle-history"><br></div><div class="battle-history">The opposing Melmetal used <strong>Body Press</strong>!<br></div><div class="battle-history"><small>(Alomomola lost 10% of its health!)</small><br></div><div class="battle-history"><small>The opposing Melmetal was hurt by the Rocky Helmet!</small><br></div><div class="spacer battle-history"><br></div><div class="battle-history"><small>Alomomola was hurt by poison!</small><br></div><div class="battle-history"><small>The opposing Melmetal was hurt by its burn!</small><br></div><div class="spacer battle-history"><br></div><div class="battle-history">The opposing Melmetal fainted!<br></div><div class="spacer battle-history"><br></div><div class="battle-history">mildish gambino sent out <strong>Dracovish</strong>!<br></div><div class="spacer battle-history"><br></div><h2 class="battle-history">Turn 68</h2><div class="spacer battle-history"><br></div><div class="battle-history">Alomomola used <strong>Protect</strong>!<br></div><div class="battle-history"><small>Alomomola protected itself!</small><br></div><div class="spacer battle-history"><br></div><div class="battle-history">The opposing Dracovish used <strong>Stone Edge</strong>!<br></div><div class="battle-history"><small>Alomomola protected itself!</small><br></div><div class="spacer battle-history"><br></div><div class="battle-history"><small>Alomomola's wish came true!</small><br></div><div class="battle-history"><small>Alomomola was hurt by poison!</small><br></div><div class="spacer battle-history"><br></div><h2 class="battle-history">Turn 69</h2><div class="spacer battle-history"><br></div><div class="battle-history">mildish gambino withdrew Dracovish!<br></div><div class="battle-history">mildish gambino sent out <strong>Roserade</strong>!<br></div><div class="spacer battle-history"><br></div><div class="battle-history">Alomomola, come back!<br></div><div class="battle-history">Go! <strong>Pecharunt</strong>!<br></div><div class="spacer battle-history"><br></div><div class="battle-history"><small>The opposing Roserade restored a little HP using its Black Sludge!</small><br></div><div class="battle-history"><small>Pecharunt restored a little HP using its Black Sludge!</small><br></div><div class="spacer battle-history"><br></div><h2 class="battle-history">Turn 70</h2><div class="spacer battle-history"><br></div><div class="battle-history">The opposing Roserade used <strong>Leech Seed</strong>!<br></div><div class="battle-history"><small>Pecharunt was seeded!</small><br></div><div class="spacer battle-history"><br></div><div class="battle-history">Pecharunt used <strong>Night Shade</strong>!<br></div><div class="battle-history"><small>(The opposing Roserade lost 38% of its health!)</small><br></div><div class="spacer battle-history"><br></div><div class="battle-history"><small>The opposing Roserade restored a little HP using its Black Sludge!</small><br></div><div class="battle-history"><small>Pecharunt's health is sapped by Leech Seed!</small><br></div><div class="spacer battle-history"><br></div><h2 class="battle-history">Turn 71</h2><div class="spacer battle-history"><br></div><div class="battle-history">mildish gambino withdrew Roserade!<br></div><div class="battle-history">mildish gambino sent out <strong>Gastrodon</strong>!<br></div><div class="spacer battle-history"><br></div><div class="battle-history">Pecharunt used <strong>Parting Shot</strong>!<br></div><div class="battle-history"><small>The opposing Gastrodon's Attack fell!</small><br></div><div class="battle-history"><small>The opposing Gastrodon's Sp. Atk fell!</small><br></div><div class="spacer battle-history"><br></div><div class="battle-history">Pecharunt went back to Astral Rifk!<br></div><div class="battle-history">Go! <strong>Arboliva</strong>!<br></div><div class="spacer battle-history"><br></div><div class="battle-history"><small>Arboliva restored a little HP using its Leftovers!</small><br></div><div class="spacer battle-history"><br></div><h2 class="battle-history">Turn 72</h2><div class="spacer battle-history"><br></div><div class="battle-history">Arboliva used <strong>Synthesis</strong>!<br></div><div class="battle-history"><small>Arboliva had its HP restored.</small><br></div><div class="spacer battle-history"><br></div><div class="battle-history">The opposing Gastrodon used <strong>Sandstorm</strong>!<br></div><div class="battle-history"><small>A sandstorm kicked up!</small><br></div><div class="spacer battle-history"><br></div><div class="battle-history"><small>(The sandstorm is raging.)</small><br></div><div class="battle-history"><small>Arboliva is buffeted by the sandstorm!</small><br></div><div class="battle-history"><small>Arboliva restored a little HP using its Leftovers!</small><br></div><div class="spacer battle-history"><br></div><h2 class="battle-history">Turn 73</h2><div class="spacer battle-history"><br></div><div class="battle-history">mildish gambino withdrew Gastrodon!<br></div><div class="battle-history">mildish gambino sent out <strong>Roserade</strong>!<br></div><div class="spacer battle-history"><br></div><div class="battle-history">Arboliva used <strong>Leech Seed</strong>!<br></div><div class="battle-history"><small>It doesn't affect the opposing Roserade...</small><br></div><div class="spacer battle-history"><br></div><div class="battle-history"><small>(The sandstorm is raging.)</small><br></div><div class="battle-history"><small>The opposing Roserade is buffeted by the sandstorm!</small><br></div><div class="battle-history"><small>Arboliva is buffeted by the sandstorm!</small><br></div><div class="battle-history"><small>The opposing Roserade restored a little HP using its Black Sludge!</small><br></div><div class="battle-history"><small>Arboliva restored a little HP using its Leftovers!</small><br></div><div class="spacer battle-history"><br></div><h2 class="battle-history">Turn 74</h2><div class="spacer battle-history"><br></div><div class="battle-history">Arboliva, come back!<br></div><div class="battle-history">Go! <strong>Pecharunt</strong>!<br></div><div class="spacer battle-history"><br></div><div class="battle-history">The opposing Roserade used <strong>Toxic</strong>!<br></div><div class="battle-history"><small>It doesn't affect Pecharunt...</small><br></div><div class="spacer battle-history"><br></div><div class="battle-history"><small>(The sandstorm is raging.)</small><br></div><div class="battle-history"><small>The opposing Roserade is buffeted by the sandstorm!</small><br></div><div class="battle-history"><small>Pecharunt is buffeted by the sandstorm!</small><br></div><div class="battle-history"><small>The opposing Roserade restored a little HP using its Black Sludge!</small><br></div><div class="battle-history"><small>Pecharunt restored a little HP using its Black Sludge!</small><br></div><div class="spacer battle-history"><br></div><h2 class="battle-history">Turn 75</h2><div class="spacer battle-history"><br></div><div class="battle-history">The opposing Roserade used <strong>Leech Seed</strong>!<br></div><div class="battle-history"><small>Pecharunt was seeded!</small><br></div><div class="spacer battle-history"><br></div><div class="battle-history">Pecharunt used <strong>Sludge Bomb</strong>!<br></div><div class="battle-history"><small>(The opposing Roserade lost 33% of its health!)</small><br></div><div class="spacer battle-history"><br></div><div class="battle-history"><small>(The sandstorm is raging.)</small><br></div><div class="battle-history"><small>The opposing Roserade is buffeted by the sandstorm!</small><br></div><div class="battle-history"><small>Pecharunt is buffeted by the sandstorm!</small><br></div><div class="battle-history"><small>The opposing Roserade restored a little HP using its Black Sludge!</small><br></div><div class="battle-history"><small>Pecharunt restored a little HP using its Black Sludge!</small><br></div><div class="battle-history"><small>Pecharunt's health is sapped by Leech Seed!</small><br></div><div class="spacer battle-history"><br></div><h2 class="battle-history">Turn 76</h2><div class="spacer battle-history"><br></div><div class="battle-history">mildish gambino withdrew Roserade!<br></div><div class="battle-history">mildish gambino sent out <strong>Dracovish</strong>!<br></div><div class="spacer battle-history"><br></div><div class="battle-history">Pecharunt used <strong>Sludge Bomb</strong>!<br></div><div class="battle-history"><small>(The opposing Dracovish lost 37% of its health!)</small><br></div><div class="battle-history"><small>The opposing Dracovish was poisoned!</small><br></div><div class="battle-history">[Pecharunt's Poison Puppeteer]<br><small>The opposing Dracovish became confused!</small><br></div><div class="spacer battle-history"><br></div><div class="battle-history"><small>(The sandstorm is raging.)</small><br></div><div class="battle-history"><small>Pecharunt is buffeted by the sandstorm!</small><br></div><div class="battle-history"><small>Pecharunt restored a little HP using its Black Sludge!</small><br></div><div class="battle-history"><small>Pecharunt's health is sapped by Leech Seed!</small><br></div><div class="battle-history"><small>The opposing Dracovish was hurt by poison!</small><br></div><div class="spacer battle-history"><br></div><h2 class="battle-history">Turn 77</h2><div class="spacer battle-history"><br></div><div class="battle-history">Pecharunt, come back!<br></div><div class="battle-history">Go! <strong>Alomomola</strong>!<br></div><div class="spacer battle-history"><br></div><div class="battle-history"><small>The opposing Dracovish is confused!</small><br></div><div class="battle-history">The opposing Dracovish used <strong>Fishious Rend</strong>!<br></div><div class="battle-history"><small>It's not very effective...</small><br></div><div class="battle-history"><small>(Alomomola lost 21% of its health!)</small><br></div><div class="battle-history"><small>The opposing Dracovish was hurt by the Rocky Helmet!</small><br></div><div class="spacer battle-history"><br></div><div class="battle-history">The opposing Dracovish fainted!<br></div><div class="spacer battle-history"><br></div><div class="battle-history"><small>(The sandstorm is raging.)</small><br></div><div class="battle-history"><small>Alomomola is buffeted by the sandstorm!</small><br></div><div class="battle-history"><small>Alomomola was hurt by poison!</small><br></div><div class="spacer battle-history"><br></div><div class="battle-history">mildish gambino sent out <strong>Roserade</strong>!<br></div><div class="spacer battle-history"><br></div><h2 class="battle-history">Turn 78</h2><div class="spacer battle-history"><br></div><div class="battle-history">mildish gambino withdrew Roserade!<br></div><div class="battle-history">mildish gambino sent out <strong>Latias</strong>!<br></div><div class="spacer battle-history"><br></div><div class="battle-history">Alomomola, come back!<br></div><div class="battle-history">Go! <strong>Pecharunt</strong>!<br></div><div class="spacer battle-history"><br></div><div class="battle-history"><small>(The sandstorm is raging.)</small><br></div><div class="battle-history"><small>The opposing Latias is buffeted by the sandstorm!</small><br></div><div class="battle-history"><small>Pecharunt is buffeted by the sandstorm!</small><br></div><div class="battle-history"><small>Pecharunt restored a little HP using its Black Sludge!</small><br></div><div class="spacer battle-history"><br></div><h2 class="battle-history">Turn 79</h2><div class="spacer battle-history"><br></div><div class="battle-history">Pecharunt, come back!<br></div><div class="battle-history">Go! <strong>Arboliva</strong>!<br></div><div class="spacer battle-history"><br></div><div class="battle-history">The opposing Latias used <strong>Reflect Type</strong>!<br></div><div class="battle-history"><small>The opposing Latias's type became the same as Arboliva's type!</small><br></div><div class="spacer battle-history"><br></div><div class="battle-history"><small>The sandstorm subsided.</small><br></div><div class="battle-history"><small>Arboliva restored a little HP using its Leftovers!</small><br></div><div class="spacer battle-history"><br></div><h2 class="battle-history">Turn 80</h2><div class="spacer battle-history"><br></div><div class="battle-history">Arboliva, come back!<br></div><div class="battle-history">Go! <strong>Moltres</strong>!<br></div><div class="spacer battle-history"><br></div><div class="battle-history">The opposing Latias used <strong>Calm Mind</strong>!<br></div><div class="battle-history"><small>The opposing Latias's Sp. Atk rose!</small><br></div><div class="battle-history"><small>The opposing Latias's Sp. Def rose!</small><br></div><div class="spacer battle-history"><br></div><div class="battle-history"><small>Moltres was hurt by poison!</small><br></div><div class="spacer battle-history"><br></div><h2 class="battle-history">Turn 81</h2><div class="spacer battle-history"><br></div><div class="battle-history">The opposing Latias used <strong>Calm Mind</strong>!<br></div><div class="battle-history"><small>The opposing Latias's Sp. Atk rose!</small><br></div><div class="battle-history"><small>The opposing Latias's Sp. Def rose!</small><br></div><div class="spacer battle-history"><br></div><div class="battle-history">Moltres used <strong>Flamethrower</strong>!<br></div><div class="battle-history"><small>It's super effective!</small><br></div><div class="battle-history"><small>(The opposing Latias lost 26% of its health!)</small><br></div><div class="spacer battle-history"><br></div><div class="battle-history"><small>Moltres was hurt by poison!</small><br></div><div class="spacer battle-history"><br></div><h2 class="battle-history">Turn 82</h2><div class="spacer battle-history"><br></div><div class="battle-history">The opposing Latias used <strong>Calm Mind</strong>!<br></div><div class="battle-history"><small>The opposing Latias's Sp. Atk rose!</small><br></div><div class="battle-history"><small>The opposing Latias's Sp. Def rose!</small><br></div><div class="spacer battle-history"><br></div><div class="battle-history">Moltres used <strong>U-turn</strong>!<br></div><div class="battle-history"><small>It's super effective!</small><br></div><div class="battle-history"><small>(The opposing Latias lost 25% of its health!)</small><br></div><div class="spacer battle-history"><br></div><div class="battle-history">Moltres went back to Astral Rifk!<br></div><div class="battle-history">Go! <strong>Raikou</strong>!<br></div><div class="battle-history">[Raikou's Pressure]<br><small>Raikou is exerting its pressure!</small><br></div><div class="spacer battle-history"><br></div><h2 class="battle-history">Turn 83</h2><div class="spacer battle-history"><br></div><div class="battle-history"><small>Raikou has Terastallized into the Fairy-type!</small><br></div><div class="spacer battle-history"><br></div><div class="battle-history">Raikou used <strong>Toxic</strong>!<br></div><div class="battle-history"><small>The opposing Latias was badly poisoned!</small><br></div><div class="battle-history"><small>(The opposing Latias ate its Lum Berry!)</small><br></div><div class="battle-history"><small>The opposing Latias was cured of its poisoning!</small><br></div><div class="spacer battle-history"><br></div><div class="battle-history">The opposing Latias used <strong>Roost</strong>!<br></div><div class="battle-history"><small>The opposing Latias had its HP restored.</small><br></div><div class="spacer battle-history"><br></div><h2 class="battle-history">Turn 84</h2><div class="spacer battle-history"><br></div><div class="battle-history">Raikou used <strong>Toxic</strong>!<br></div><div class="battle-history"><small>The opposing Latias was badly poisoned!</small><br></div><div class="spacer battle-history"><br></div><div class="battle-history">The opposing Latias used <strong>Reflect Type</strong>!<br></div><div class="battle-history"><small>The opposing Latias's type became the same as Raikou's type!</small><br></div><div class="spacer battle-history"><br></div><div class="battle-history"><small>The opposing Latias was hurt by poison!</small><br></div><div class="spacer battle-history"><br></div><h2 class="battle-history">Turn 85</h2><div class="spacer battle-history"><br></div><div class="battle-history">Raikou used <strong>Tera Blast</strong>!<br></div><div class="battle-history"><small>(The opposing Latias lost 10% of its health!)</small><br></div><div class="spacer battle-history"><br></div><div class="battle-history">The opposing Latias used <strong>Draining Kiss</strong>!<br></div><div class="battle-history"><small>(Raikou lost 49% of its health!)</small><br></div><div class="battle-history"><small>Raikou had its energy drained!</small><br></div><div class="spacer battle-history"><br></div><div class="battle-history"><small>The opposing Latias was hurt by poison!</small><br></div><div class="spacer battle-history"><br></div><h2 class="battle-history">Turn 86</h2><div class="spacer battle-history"><br></div><div class="battle-history">Raikou used <strong>Volt Switch</strong>!<br></div><div class="battle-history"><small>(The opposing Latias lost 11% of its health!)</small><br></div><div class="spacer battle-history"><br></div><div class="battle-history">Raikou went back to Astral Rifk!<br></div><div class="battle-history">Go! <strong>Moltres</strong>!<br></div><div class="spacer battle-history"><br></div><div class="battle-history">The opposing Latias used <strong>Draining Kiss</strong>!<br></div><div class="battle-history"><small>It's not very effective...</small><br></div><div class="battle-history"><small>(Moltres lost 23% of its health!)</small><br></div><div class="battle-history"><small>Moltres had its energy drained!</small><br></div><div class="spacer battle-history"><br></div><div class="battle-history"><small>The opposing Latias was hurt by poison!</small><br></div><div class="battle-history"><small>Moltres was hurt by poison!</small><br></div><div class="spacer battle-history"><br></div><h2 class="battle-history">Turn 87</h2><div class="spacer battle-history"><br></div><div class="battle-history">The opposing Latias used <strong>Draining Kiss</strong>!<br></div><div class="battle-history"><small>It's not very effective...</small><br></div><div class="battle-history"><small>(Moltres lost 22% of its health!)</small><br></div><div class="battle-history"><small>Moltres had its energy drained!</small><br></div><div class="spacer battle-history"><br></div><div class="battle-history">Moltres used <strong>Roost</strong>!<br></div><div class="battle-history"><small>Moltres had its HP restored.</small><br></div><div class="battle-history"><small>(Moltres loses Flying type this turn.)</small><br></div><div class="spacer battle-history"><br></div><div class="battle-history"><small>The opposing Latias was hurt by poison!</small><br></div><div class="battle-history"><small>Moltres was hurt by poison!</small><br></div><div class="spacer battle-history"><br></div><h2 class="battle-history">Turn 88</h2><div class="spacer battle-history"><br></div><div class="battle-history">The opposing Latias used <strong>Calm Mind</strong>!<br></div><div class="battle-history"><small>The opposing Latias's Sp. Atk rose!</small><br></div><div class="battle-history"><small>The opposing Latias's Sp. Def rose!</small><br></div><div class="spacer battle-history"><br></div><div class="battle-history">Moltres used <strong>Roost</strong>!<br></div><div class="battle-history"><small>Moltres had its HP restored.</small><br></div><div class="battle-history"><small>(Moltres loses Flying type this turn.)</small><br></div><div class="spacer battle-history"><br></div><div class="battle-history"><small>The opposing Latias was hurt by poison!</small><br></div><div class="battle-history"><small>Moltres was hurt by poison!</small><br></div><div class="spacer battle-history"><br></div><h2 class="battle-history">Turn 89</h2><div class="spacer battle-history"><br></div><div class="battle-history">The opposing Latias used <strong>Draining Kiss</strong>!<br></div><div class="battle-history"><small>It's not very effective...</small><br></div><div class="battle-history"><small>(Moltres lost 27% of its health!)</small><br></div><div class="battle-history"><small>Moltres had its energy drained!</small><br></div><div class="spacer battle-history"><br></div><div class="battle-history">Moltres used <strong>U-turn</strong>!<br></div><div class="battle-history"><small>It's not very effective...</small><br></div><div class="battle-history"><small>(The opposing Latias lost 7% of its health!)</small><br></div><div class="spacer battle-history"><br></div><div class="battle-history">Moltres went back to Astral Rifk!<br></div><div class="battle-history">Go! <strong>Raikou</strong>!<br></div><div class="battle-history">[Raikou's Pressure]<br><small>Raikou is exerting its pressure!</small><br></div><div class="spacer battle-history"><br></div><div class="battle-history"><small>The opposing Latias was hurt by poison!</small><br></div><div class="spacer battle-history"><br></div><h2 class="battle-history">Turn 90</h2><div class="spacer battle-history"><br></div><div class="battle-history">Raikou used <strong>Volt Switch</strong>!<br></div><div class="battle-history"><small>(The opposing Latias lost 8% of its health!)</small><br></div><div class="spacer battle-history"><br></div><div class="battle-history">Raikou went back to Astral Rifk!<br></div><div class="battle-history">Go! <strong>Moltres</strong>!<br></div><div class="spacer battle-history"><br></div><div class="battle-history">The opposing Latias used <strong>Draining Kiss</strong>!<br></div><div class="battle-history"><small>It's not very effective...</small><br></div><div class="battle-history"><small>(Moltres lost 31% of its health!)</small><br></div><div class="battle-history"><small>Moltres had its energy drained!</small><br></div><div class="spacer battle-history"><br></div><div class="battle-history"><small>The opposing Latias was hurt by poison!</small><br></div><div class="spacer battle-history"><br></div><div class="battle-history">The opposing Latias fainted!<br></div><div class="battle-history"><small>Moltres was hurt by poison!</small><br></div><div class="spacer battle-history"><br></div><div class="battle-history">mildish gambino sent out <strong>Gastrodon</strong>!<br></div><div class="spacer battle-history"><br></div><h2 class="battle-history">Turn 91</h2><div class="spacer battle-history"><br></div><div class="battle-history">Moltres used <strong>U-turn</strong>!<br></div><div class="battle-history"><small>(The opposing Gastrodon lost 16% of its health!)</small><br></div><div class="spacer battle-history"><br></div><div class="battle-history">Moltres went back to Astral Rifk!<br></div><div class="battle-history">Go! <strong>Raikou</strong>!<br></div><div class="battle-history">[Raikou's Pressure]<br><small>Raikou is exerting its pressure!</small><br></div><div class="spacer battle-history"><br></div><div class="battle-history">The opposing Gastrodon used <strong>Recover</strong>!<br></div><div class="battle-history"><small>The opposing Gastrodon had its HP restored.</small><br></div><div class="spacer battle-history"><br></div><h2 class="battle-history">Turn 92</h2><div class="spacer battle-history"><br></div><div class="battle-history">Raikou used <strong>Toxic</strong>!<br></div><div class="battle-history"><small>The opposing Gastrodon avoided the attack!</small><br></div><div class="spacer battle-history"><br></div><div class="battle-history">The opposing Gastrodon used <strong>Infestation</strong>!<br></div><div class="battle-history"><small>It's not very effective...</small><br></div><div class="battle-history"><small>A critical hit!</small><br></div><div class="battle-history"><small>(Raikou lost 4% of its health!)</small><br></div><div class="battle-history"><small>Raikou has been afflicted with an infestation by the opposing Gastrodon!</small><br></div><div class="spacer battle-history"><br></div><div class="battle-history"><small>Raikou is hurt by Infestation!</small><br></div><div class="spacer battle-history"><br></div><h2 class="battle-history">Turn 93</h2><div class="spacer battle-history"><br></div><div class="battle-history">Raikou used <strong>Toxic</strong>!<br></div><div class="battle-history"><small>The opposing Gastrodon was badly poisoned!</small><br></div><div class="spacer battle-history"><br></div><div class="battle-history">The opposing Gastrodon used <strong>Sandstorm</strong>!<br></div><div class="battle-history"><small>A sandstorm kicked up!</small><br></div><div class="spacer battle-history"><br></div><div class="battle-history"><small>(The sandstorm is raging.)</small><br></div><div class="battle-history"><small>Raikou is buffeted by the sandstorm!</small><br></div><div class="battle-history"><small>The opposing Gastrodon was hurt by poison!</small><br></div><div class="battle-history"><small>Raikou is hurt by Infestation!</small><br></div><div class="spacer battle-history"><br></div><h2 class="battle-history">Turn 94</h2><div class="spacer battle-history"><br></div><div class="battle-history">Raikou used <strong>Tera Blast</strong>!<br></div><div class="battle-history"><small>(The opposing Gastrodon lost 31% of its health!)</small><br></div><div class="spacer battle-history"><br></div><div class="battle-history">The opposing Gastrodon used <strong>Weather Ball</strong>!<br></div><div class="battle-history"><small>(Raikou lost 16% of its health!)</small><br></div><div class="spacer battle-history"><br></div><div class="battle-history">Raikou fainted!<br></div><div class="spacer battle-history"><br></div><div class="battle-history"><small>(The sandstorm is raging.)</small><br></div><div class="battle-history"><small>The opposing Gastrodon was hurt by poison!</small><br></div><div class="chat chatmessage-astralrifk"><strong style="color:#32a512"><small class="groupsymbol">☆</small><span class="username">Astral Rifk</span>:</strong> <em>alleged 90% accuracy vtw</em></div><div class="chat chatmessage-mildishgambino"><strong style="color:#bd3c44"><small class="groupsymbol">☆</small><span class="username">mildish gambino</span>:</strong> <em>I got one</em></div><div class="chat chatmessage-astralrifk"><strong style="color:#32a512"><small class="groupsymbol">☆</small><span class="username">Astral Rifk</span>:</strong> <em>btw</em></div><div class="chat chatmessage-mildishgambino"><strong style="color:#bd3c44"><small class="groupsymbol">☆</small><span class="username">mildish gambino</span>:</strong> <em>thats good enough for me lol</em></div><div class="chat chatmessage-astralrifk"><strong style="color:#32a512"><small class="groupsymbol">☆</small><span class="username">Astral Rifk</span>:</strong> <em>wouldnt have without half the hax here but whatever</em></div><div class="spacer battle-history"><br></div><div class="battle-history">Go! <strong>Alomomola</strong>!<br></div><div class="spacer battle-history"><br></div><h2 class="battle-history">Turn 95</h2><div class="spacer battle-history"><br></div><div class="battle-history">Alomomola used <strong>Protect</strong>!<br></div><div class="battle-history"><small>Alomomola protected itself!</small><br></div><div class="spacer battle-history"><br></div><div class="battle-history">The opposing Gastrodon used <strong>Weather Ball</strong>!<br></div><div class="battle-history"><small>Alomomola protected itself!</small><br></div><div class="spacer battle-history"><br></div><div class="battle-history"><small>(The sandstorm is raging.)</small><br></div><div class="battle-history"><small>Alomomola is buffeted by the sandstorm!</small><br></div><div class="battle-history"><small>Alomomola was hurt by poison!</small><br></div><div class="battle-history"><small>The opposing Gastrodon was hurt by poison!</small><br></div><div class="spacer battle-history"><br></div><div class="battle-history">The opposing Gastrodon fainted!<br></div><div class="spacer battle-history"><br></div><div class="battle-history">mildish gambino sent out <strong>Roserade</strong>!<br></div><div class="spacer battle-history"><br></div><h2 class="battle-history">Turn 96</h2><div class="spacer battle-history"><br></div><div class="battle-history">Alomomola, come back!<br></div><div class="battle-history">Go! <strong>Arboliva</strong>!<br></div><div class="spacer battle-history"><br></div><div class="battle-history">The opposing Roserade used <strong>Leech Seed</strong>!<br></div><div class="battle-history"><small>It doesn't affect Arboliva...</small><br></div><div class="spacer battle-history"><br></div><div class="battle-history"><small>(The sandstorm is raging.)</small><br></div><div class="battle-history"><small>The opposing Roserade is buffeted by the sandstorm!</small><br></div><div class="battle-history"><small>Arboliva is buffeted by the sandstorm!</small><br></div><div class="battle-history"><small>The opposing Roserade restored a little HP using its Black Sludge!</small><br></div><div class="battle-history"><small>Arboliva restored a little HP using its Leftovers!</small><br></div><div class="spacer battle-history"><br></div><h2 class="battle-history">Turn 97</h2><div class="chat chatmessage-astralrifk"><strong style="color:#32a512"><small class="groupsymbol">☆</small><span class="username">Astral Rifk</span>:</strong> <em>prob shouldve just bped but didnt expect every single powder to hit</em></div><div class="spacer battle-history"><br></div><div class="battle-history">The opposing Roserade used <strong>Toxic</strong>!<br></div><div class="battle-history"><small>Arboliva was badly poisoned!</small><br></div><div class="spacer battle-history"><br></div><div class="battle-history">Arboliva used <strong>Earth Power</strong>!<br></div><div class="battle-history"><small>(The opposing Roserade lost 27% of its health!)</small><br></div><div class="spacer battle-history"><br></div><div class="battle-history">The opposing Roserade fainted!<br></div><div class="spacer battle-history"><br></div><div class="battle-history"><strong>Astral Rifk</strong> won the battle!<br></div><div class="chat"><small>☆Astral Rifk left</small></div><div class="chat chatmessage-mildishgambino"><strong style="color:#bd3c44"><small class="groupsymbol">☆</small><span class="username">mildish gambino</span>:</strong> <em>Tru</em></div></div><div class="inner-preempt message-log"></div></div></div>
</div>
<script>
let daily = Math.floor(Date.now()/1000/60/60/24);document.write('<script src="https://play.pokemonshowdown.com/js/replay-embed.js?version'+daily+'"></'+'script>');
</script>
