<!DOCTYPE html>
<meta charset="utf-8" />
<!-- version 1 -->
<title>[Gen 9] NatDex Draft replay: CybOrganist vs. PLZXEN</title>
<style>
html,body {font-family:Verdana, sans-serif;font-size:10pt;margin:0;padding:0;}body{padding:12px 0;} .battle-log {font-family:Verdana, sans-serif;font-size:10pt;} .battle-log-inline {border:1px solid #AAAAAA;background:#EEF2F5;color:black;max-width:640px;margin:0 auto 80px;padding-bottom:5px;} .battle-log .inner {padding:4px 8px 0px 8px;} .battle-log .inner-preempt {padding:0 8px 4px 8px;} .battle-log .inner-after {margin-top:0.5em;} .battle-log h2 {margin:0.5em -8px;padding:4px 8px;border:1px solid #AAAAAA;background:#E0E7EA;border-left:0;border-right:0;font-family:Verdana, sans-serif;font-size:13pt;} .battle-log .chat {vertical-align:middle;padding:3px 0 3px 0;font-size:8pt;} .battle-log .chat strong {color:#40576A;} .battle-log .chat em {padding:1px 4px 1px 3px;color:#000000;font-style:normal;} .chat.mine {background:rgba(0,0,0,0.05);margin-left:-8px;margin-right:-8px;padding-left:8px;padding-right:8px;} .spoiler {color:#BBBBBB;background:#BBBBBB;padding:0px 3px;} .spoiler:hover, .spoiler:active, .spoiler-shown {color:#000000;background:#E2E2E2;padding:0px 3px;} .spoiler a {color:#BBBBBB;} .spoiler:hover a, .spoiler:active a, .spoiler-shown a {color:#2288CC;} .chat code, .chat .spoiler:hover code, .chat .spoiler:active code, .chat .spoiler-shown code {border:1px solid #C0C0C0;background:#EEEEEE;color:black;padding:0 2px;} .chat .spoiler code {border:1px solid #CCCCCC;background:#CCCCCC;color:#CCCCCC;} .battle-log .rated {padding:3px 4px;} .battle-log .rated strong {color:white;background:#89A;padding:1px 4px;border-radius:4px;} .spacer {margin-top:0.5em;} .message-announce {background:#6688AA;color:white;padding:1px 4px 2px;} .message-announce a, .broadcast-green a, .broadcast-blue a, .broadcast-red a {color:#DDEEFF;} .broadcast-green {background-color:#559955;color:white;padding:2px 4px;} .broadcast-blue {background-color:#6688AA;color:white;padding:2px 4px;} .infobox {border:1px solid #6688AA;padding:2px 4px;} .infobox-limited {max-height:200px;overflow:auto;overflow-x:hidden;} .broadcast-red {background-color:#AA5544;color:white;padding:2px 4px;} .message-learn-canlearn {font-weight:bold;color:#228822;text-decoration:underline;} .message-learn-cannotlearn {font-weight:bold;color:#CC2222;text-decoration:underline;} .message-effect-weak {font-weight:bold;color:#CC2222;} .message-effect-resist {font-weight:bold;color:#6688AA;} .message-effect-immune {font-weight:bold;color:#666666;} .message-learn-list {margin-top:0;margin-bottom:0;} .message-throttle-notice, .message-error {color:#992222;} .message-overflow, .chat small.message-overflow {font-size:0pt;} .message-overflow::before {font-size:9pt;content:'...';} .subtle {color:#3A4A66;}
</style>
<div class="wrapper replay-wrapper" style="max-width:1180px;margin:0 auto">
<input type="hidden" name="replayid" value="gen9natdexdraft-2356957320" />
<div class="battle"></div><div class="battle-log"></div><div class="replay-controls"></div><div class="replay-controls-2"></div>
<h1 style="font-weight:normal;text-align:center"><strong>[Gen 9] NatDex Draft</strong><br /><a href="http://pokemonshowdown.com/users/cyborganist" class="subtle" target="_blank">CybOrganist</a> vs. <a href="http://pokemonshowdown.com/users/plzxen" class="subtle" target="_blank">PLZXEN</a></h1>
<script type="text/plain" class="battle-log-data">
|j|☆CybOrganist
|j|☆PLZXEN
|t:|1746397710
|gametype|singles
|player|p1|CybOrganist|winona|
|player|p2|PLZXEN|burglar|
|teamsize|p1|6
|teamsize|p2|6
|gen|9
|tier|[Gen 9] NatDex Draft
|rule|Sleep Clause Mod: Limit one foe put to sleep
|rule|OHKO Clause: OHKO moves are banned
|rule|Evasion Clause: Evasion abilities, items, and moves are banned
|rule|Evasion Abilities Clause: Evasion abilities are banned
|rule|Evasion Items Clause: Evasion items are banned
|rule|Evasion Moves Clause: Evasion moves are banned
|rule|Endless Battle Clause: Forcing endless battles is banned
|rule|HP Percentage Mod: HP is shown in percentages
|clearpoke
|poke|p1|Kyurem|
|poke|p1|Silvally-*|
|poke|p1|Froslass, F|
|poke|p1|Zapdos|
|poke|p1|Clodsire, F|
|poke|p1|Forretress, M|
|poke|p2|Spectrier|
|poke|p2|Celebi|
|poke|p2|Guzzlord|
|poke|p2|Goodra, M|
|poke|p2|Hawlucha, F|
|poke|p2|Tapu Fini|
|teampreview
|
|t:|1746397725
|start
|switch|p1a: Forretress|Forretress, M|100\/100
|switch|p2a: Tapu Fini|Tapu Fini, shiny|100\/100
|-fieldstart|move: Misty Terrain|[from] ability: Misty Surge|[of] p2a: Tapu Fini
|turn|1
|
|t:|1746397754
|move|p2a: Tapu Fini|Calm Mind|p2a: Tapu Fini
|-boost|p2a: Tapu Fini|spa|1
|-boost|p2a: Tapu Fini|spd|1
|move|p1a: Forretress|Volt Switch|p2a: Tapu Fini
|-supereffective|p2a: Tapu Fini
|-damage|p2a: Tapu Fini|89\/100
|
|t:|1746397762
|switch|p1a: Clodsire|Clodsire, F|100\/100|[from] Volt Switch
|
|upkeep
|turn|2
|
|t:|1746397814
|move|p2a: Tapu Fini|Scald|p1a: Clodsire
|-supereffective|p1a: Clodsire
|-damage|p1a: Clodsire|69\/100
|move|p1a: Clodsire|Gunk Shot|p2a: Tapu Fini
|-supereffective|p2a: Tapu Fini
|-damage|p2a: Tapu Fini|30\/100
|
|-heal|p1a: Clodsire|75\/100|[from] item: Leftovers
|upkeep
|turn|3
|
|t:|1746397860
|switch|p2a: Guzzlord|Guzzlord, shiny|100\/100
|move|p1a: Clodsire|Toxic|p2a: Guzzlord
|-activate|p2a: Guzzlord|move: Misty Terrain
|
|-heal|p1a: Clodsire|82\/100|[from] item: Leftovers
|upkeep
|turn|4
|c|☆CybOrganist|whoops
|c|☆PLZXEN|lol
|
|t:|1746397906
|switch|p1a: Forretress|Forretress, M|100\/100
|move|p2a: Guzzlord|Earthquake|p1a: Forretress
|-damage|p1a: Forretress|85\/100
|
|-heal|p1a: Forretress|91\/100|[from] item: Leftovers
|upkeep
|turn|5
|
|t:|1746397942
|switch|p2a: Goodra|Goodra, M, shiny|100\/100
|move|p1a: Forretress|Spikes|p2a: Goodra
|-sidestart|p2: PLZXEN|Spikes
|
|-heal|p1a: Forretress|97\/100|[from] item: Leftovers
|-fieldend|Misty Terrain
|upkeep
|turn|6
|
|t:|1746397959
|switch|p1a: Clodsire|Clodsire, F|82\/100
|move|p2a: Goodra|Flamethrower|p1a: Clodsire
|-damage|p1a: Clodsire|64\/100
|
|-heal|p1a: Clodsire|70\/100|[from] item: Leftovers
|upkeep
|turn|7
|
|t:|1746397978
|move|p2a: Goodra|Draco Meteor|p1a: Clodsire
|-damage|p1a: Clodsire|28\/100
|-unboost|p2a: Goodra|spa|2
|move|p1a: Clodsire|Toxic Spikes|p2a: Goodra
|-sidestart|p2: PLZXEN|move: Toxic Spikes
|
|-heal|p1a: Clodsire|35\/100|[from] item: Leftovers
|upkeep
|turn|8
|
|t:|1746397991
|move|p2a: Goodra|Draco Meteor|p1a: Clodsire
|-crit|p1a: Clodsire
|-damage|p1a: Clodsire|0 fnt
|-unboost|p2a: Goodra|spa|2
|faint|p1a: Clodsire
|
|upkeep
|c|☆CybOrganist|the crit
|c|☆CybOrganist|nooo
|
|t:|1746398000
|switch|p1a: Kyurem|Kyurem|100\/100
|-ability|p1a: Kyurem|Pressure
|turn|9
|
|t:|1746398046
|-terastallize|p2a: Goodra|Poison
|move|p1a: Kyurem|Freeze-Dry|p2a: Goodra
|-damage|p2a: Goodra|68\/100
|move|p2a: Goodra|Knock Off|p1a: Kyurem
|-damage|p1a: Kyurem|81\/100
|-enditem|p1a: Kyurem|Choice Scarf|[from] move: Knock Off|[of] p2a: Goodra
|
|upkeep
|turn|10
|
|t:|1746398066
|move|p1a: Kyurem|Draco Meteor|p2a: Goodra|[miss]
|-miss|p1a: Kyurem|p2a: Goodra
|move|p2a: Goodra|Draco Meteor|p1a: Kyurem
|-supereffective|p1a: Kyurem
|-damage|p1a: Kyurem|41\/100
|-unboost|p2a: Goodra|spa|2
|
|upkeep
|turn|11
|
|t:|1746398085
|move|p1a: Kyurem|Draco Meteor|p2a: Goodra
|-damage|p2a: Goodra|17\/100
|-unboost|p1a: Kyurem|spa|2
|move|p2a: Goodra|Draco Meteor|p1a: Kyurem
|-supereffective|p1a: Kyurem
|-damage|p1a: Kyurem|5\/100
|
|upkeep
|turn|12
|j| Superpanchi
|c| Superpanchi|I had to come find you bc you didn't share link lmao
|c|☆CybOrganist|ah sorry
|
|t:|1746398130
|move|p1a: Kyurem|Ice Beam|p2a: Goodra
|-damage|p2a: Goodra|0 fnt
|faint|p2a: Goodra
|
|upkeep
|c|☆CybOrganist|rng is not with me today
|
|t:|1746398149
|switch|p2a: Celebi|Celebi, shiny|100\/100
|-damage|p2a: Celebi|88\/100|[from] Spikes
|-status|p2a: Celebi|psn
|turn|13
|j| Jackstrick321
|
|t:|1746398194
|switch|p1a: Zapdos|Zapdos|100\/100
|move|p2a: Celebi|Dazzling Gleam|p1a: Zapdos
|-damage|p1a: Zapdos|78\/100
|
|-damage|p2a: Celebi|76\/100 psn|[from] psn
|upkeep
|turn|14
|
|t:|1746398225
|-curestatus|p2a: Celebi|psn|[from] ability: Natural Cure
|switch|p2a: Guzzlord|Guzzlord, shiny|100\/100
|-damage|p2a: Guzzlord|88\/100|[from] Spikes
|-status|p2a: Guzzlord|psn
|move|p1a: Zapdos|Hurricane|p2a: Guzzlord|[miss]
|-miss|p1a: Zapdos|p2a: Guzzlord
|
|-heal|p2a: Guzzlord|94\/100 psn|[from] item: Leftovers
|-damage|p2a: Guzzlord|82\/100 psn|[from] psn
|upkeep
|turn|15
|c|☆CybOrganist|TT_TT
|
|t:|1746398256
|move|p1a: Zapdos|Volt Switch|p2a: Guzzlord
|-resisted|p2a: Guzzlord
|-damage|p2a: Guzzlord|72\/100 psn
|
|t:|1746398259
|switch|p1a: Forretress|Forretress, M|97\/100|[from] Volt Switch
|move|p2a: Guzzlord|Toxic|p1a: Forretress
|-immune|p1a: Forretress
|
|-heal|p2a: Guzzlord|79\/100 psn|[from] item: Leftovers
|-heal|p1a: Forretress|100\/100|[from] item: Leftovers
|-damage|p2a: Guzzlord|66\/100 psn|[from] psn
|upkeep
|turn|16
|
|t:|1746398308
|move|p2a: Guzzlord|Knock Off|p1a: Forretress
|-damage|p1a: Forretress|74\/100
|-enditem|p1a: Forretress|Leftovers|[from] move: Knock Off|[of] p2a: Guzzlord
|move|p1a: Forretress|Spikes|p2a: Guzzlord
|-sidestart|p2: PLZXEN|Spikes
|
|-heal|p2a: Guzzlord|72\/100 psn|[from] item: Leftovers
|-damage|p2a: Guzzlord|60\/100 psn|[from] psn
|upkeep
|turn|17
|
|t:|1746398325
|move|p2a: Guzzlord|Earthquake|p1a: Forretress
|-damage|p1a: Forretress|57\/100
|move|p1a: Forretress|Spikes|p2a: Guzzlord
|-sidestart|p2: PLZXEN|Spikes
|
|-heal|p2a: Guzzlord|66\/100 psn|[from] item: Leftovers
|-damage|p2a: Guzzlord|53\/100 psn|[from] psn
|upkeep
|turn|18
|
|t:|1746398347
|move|p2a: Guzzlord|Earthquake|p1a: Forretress
|-damage|p1a: Forretress|42\/100
|move|p1a: Forretress|Volt Switch|p2a: Guzzlord
|-resisted|p2a: Guzzlord
|-damage|p2a: Guzzlord|50\/100 psn
|
|t:|1746398368
|switch|p1a: Kyurem|Kyurem|5\/100|[from] Volt Switch
|-ability|p1a: Kyurem|Pressure
|
|-heal|p2a: Guzzlord|56\/100 psn|[from] item: Leftovers
|-damage|p2a: Guzzlord|43\/100 psn|[from] psn
|upkeep
|turn|19
|
|t:|1746398402
|move|p1a: Kyurem|Ice Beam|p2a: Guzzlord
|-supereffective|p2a: Guzzlord
|-damage|p2a: Guzzlord|0 fnt
|faint|p2a: Guzzlord
|
|upkeep
|
|t:|1746398412
|switch|p2a: Tapu Fini|Tapu Fini, shiny|30\/100
|-damage|p2a: Tapu Fini|5\/100|[from] Spikes
|-status|p2a: Tapu Fini|psn
|-fieldstart|move: Misty Terrain|[from] ability: Misty Surge|[of] p2a: Tapu Fini
|turn|20
|
|t:|1746398462
|switch|p1a: Zapdos|Zapdos|78\/100
|switch|p2a: Celebi|Celebi, shiny|76\/100
|-damage|p2a: Celebi|51\/100|[from] Spikes
|
|upkeep
|turn|21
|
|t:|1746398482
|move|p2a: Celebi|Psychic|p1a: Zapdos
|-damage|p1a: Zapdos|40\/100
|move|p1a: Zapdos|Hurricane|p2a: Celebi|[miss]
|-miss|p1a: Zapdos|p2a: Celebi
|
|upkeep
|turn|22
|
|t:|1746398504
|move|p2a: Celebi|Psychic|p1a: Zapdos
|-crit|p1a: Zapdos
|-damage|p1a: Zapdos|0 fnt
|faint|p1a: Zapdos
|
|upkeep
|c|☆CybOrganist|rngsus please
|
|t:|1746398514
|switch|p1a: Froslass|Froslass, F|100\/100
|turn|23
|
|t:|1746398579
|switch|p2a: Hawlucha|Hawlucha, F|100\/100
|-enditem|p2a: Hawlucha|Misty Seed
|-boost|p2a: Hawlucha|spd|1|[from] item: Misty Seed
|move|p1a: Froslass|Icy Wind|p2a: Hawlucha
|-supereffective|p2a: Hawlucha
|-damage|p2a: Hawlucha|50\/100
|-unboost|p2a: Hawlucha|spe|1
|
|upkeep
|turn|24
|
|t:|1746398597
|move|p1a: Froslass|Icy Wind|p2a: Hawlucha
|-supereffective|p2a: Hawlucha
|-damage|p2a: Hawlucha|0 fnt
|faint|p2a: Hawlucha
|
|-fieldend|Misty Terrain
|upkeep
|
|t:|1746398611
|switch|p2a: Spectrier|Spectrier|100\/100
|-damage|p2a: Spectrier|76\/100|[from] Spikes
|-status|p2a: Spectrier|psn
|turn|25
|
|t:|1746398618
|switch|p1a: Silvally|Silvally-Dark|100\/100
|move|p2a: Spectrier|Dark Pulse|p1a: Silvally
|-resisted|p1a: Silvally
|-damage|p1a: Silvally|76\/100
|
|-damage|p2a: Spectrier|63\/100 psn|[from] psn
|upkeep
|turn|26
|
|t:|1746398636
|-activate|p2a: Spectrier|move: Pursuit
|move|p1a: Silvally|Pursuit|p2a: Spectrier|[from] Pursuit
|-supereffective|p2a: Spectrier
|-damage|p2a: Spectrier|0 fnt
|faint|p2a: Spectrier
|-hint|A Pokemon can't switch between when it runs out of HP and when it faints
|
|upkeep
|
|t:|1746398642
|switch|p2a: Celebi|Celebi, shiny|51\/100
|-damage|p2a: Celebi|26\/100|[from] Spikes
|-status|p2a: Celebi|psn
|turn|27
|
|t:|1746398655
|move|p2a: Celebi|Psychic|p1a: Silvally
|-immune|p1a: Silvally
|move|p1a: Silvally|Multi-Attack|p2a: Celebi
|-supereffective|p2a: Celebi
|-damage|p2a: Celebi|0 fnt
|faint|p2a: Celebi
|
|upkeep
|
|t:|1746398663
|switch|p2a: Tapu Fini|Tapu Fini, shiny|5\/100 psn
|-damage|p2a: Tapu Fini|0 fnt|[from] Spikes
|faint|p2a: Tapu Fini
|
|win|CybOrganist
|l|☆CybOrganist
|player|p1|
|c|☆PLZXEN|ggs
|l|☆PLZXEN
|player|p2|
|l| Jackstrick321
|j|☆CybOrganist
|player|p1|CybOrganist|winona|
|c|☆CybOrganist|I'm back
|c|☆CybOrganist|?>
|c|☆CybOrganist|oh
|j| alonzita
|l| alonzita

</script>
</div>
<div class="battle-log battle-log-inline"><div class="inner"><div class="battle-options"></div><div class="inner message-log"><div class="chat"><small> alonzita, ☆CybOrganist, and ☆PLZXEN joined;  alonzita left</small></div><div class=""><small>Format:</small> <br><strong>[Gen 9] NatDex Draft</strong></div><div class=""><small><em>Sleep Clause Mod:</em> Limit one foe put to sleep</small></div><div class=""><small><em>OHKO Clause:</em> OHKO moves are banned</small></div><div class=""><small><em>Evasion Clause:</em> Evasion abilities, items, and moves are banned</small></div><div class=""><small><em>Evasion Abilities Clause:</em> Evasion abilities are banned</small></div><div class=""><small><em>Evasion Items Clause:</em> Evasion items are banned</small></div><div class=""><small><em>Evasion Moves Clause:</em> Evasion moves are banned</small></div><div class=""><small><em>Endless Battle Clause:</em> Forcing endless battles is banned</small></div><div class=""><small><em>HP Percentage Mod:</em> HP is shown in percentages</small></div><div class="chat battle-history"><strong>CybOrganist's team:</strong> <em style="color:#445566;display:block;">Kyurem / Silvally-* / Froslass / Zapdos / Clodsire / Forretress</em></div><div class="chat battle-history"><strong>PLZXEN's team:</strong> <em style="color:#445566;display:block;">Spectrier / Celebi / Guzzlord / Goodra / Hawlucha / Tapu Fini</em></div><div class="spacer battle-history"><br></div><div class="battle-history">Battle started between CybOrganist and PLZXEN!<br></div><div class="spacer battle-history"><br></div><div class="battle-history">Go! <strong>Forretress</strong>!<br></div><div class="spacer battle-history"><br></div><div class="battle-history">PLZXEN sent out <strong>Tapu Fini</strong>!<br></div><div class="battle-history">[The opposing Tapu Fini's Misty Surge]<br><small>Mist swirled around the battlefield!</small><br></div><div class="spacer battle-history"><br></div><h2 class="battle-history">Turn 1</h2><div class="spacer battle-history"><br></div><div class="battle-history">The opposing Tapu Fini used <strong>Calm Mind</strong>!<br></div><div class="battle-history"><small>The opposing Tapu Fini's Sp. Atk rose!</small><br></div><div class="battle-history"><small>The opposing Tapu Fini's Sp. Def rose!</small><br></div><div class="spacer battle-history"><br></div><div class="battle-history">Forretress used <strong>Volt Switch</strong>!<br></div><div class="battle-history"><small>It's super effective!</small><br></div><div class="battle-history"><small>(The opposing Tapu Fini lost 11% of its health!)</small><br></div><div class="spacer battle-history"><br></div><div class="battle-history">Forretress went back to CybOrganist!<br></div><div class="battle-history">Go! <strong>Clodsire</strong>!<br></div><div class="spacer battle-history"><br></div><h2 class="battle-history">Turn 2</h2><div class="spacer battle-history"><br></div><div class="battle-history">The opposing Tapu Fini used <strong>Scald</strong>!<br></div><div class="battle-history"><small>It's super effective!</small><br></div><div class="battle-history"><small>(Clodsire lost 31% of its health!)</small><br></div><div class="spacer battle-history"><br></div><div class="battle-history">Clodsire used <strong>Gunk Shot</strong>!<br></div><div class="battle-history"><small>It's super effective!</small><br></div><div class="battle-history"><small>(The opposing Tapu Fini lost 59% of its health!)</small><br></div><div class="spacer battle-history"><br></div><div class="battle-history"><small>Clodsire restored a little HP using its Leftovers!</small><br></div><div class="spacer battle-history"><br></div><h2 class="battle-history">Turn 3</h2><div class="spacer battle-history"><br></div><div class="battle-history">PLZXEN withdrew Tapu Fini!<br></div><div class="battle-history">PLZXEN sent out <strong>Guzzlord</strong>!<br></div><div class="spacer battle-history"><br></div><div class="battle-history">Clodsire used <strong>Toxic</strong>!<br></div><div class="battle-history"><small>The opposing Guzzlord surrounds itself with a protective mist!</small><br></div><div class="spacer battle-history"><br></div><div class="battle-history"><small>Clodsire restored a little HP using its Leftovers!</small><br></div><div class="spacer battle-history"><br></div><h2 class="battle-history">Turn 4</h2><div class="chat chatmessage-cyborganist"><strong style="color:#8e4ec7"><small class="groupsymbol">☆</small><span class="username">CybOrganist</span>:</strong> <em>whoops</em></div><div class="chat chatmessage-plzxen"><strong style="color:#d41525"><small class="groupsymbol">☆</small><span class="username">PLZXEN</span>:</strong> <em>lol</em></div><div class="spacer battle-history"><br></div><div class="battle-history">Clodsire, come back!<br></div><div class="battle-history">Go! <strong>Forretress</strong>!<br></div><div class="spacer battle-history"><br></div><div class="battle-history">The opposing Guzzlord used <strong>Earthquake</strong>!<br></div><div class="battle-history"><small>(Forretress lost 15% of its health!)</small><br></div><div class="spacer battle-history"><br></div><div class="battle-history"><small>Forretress restored a little HP using its Leftovers!</small><br></div><div class="spacer battle-history"><br></div><h2 class="battle-history">Turn 5</h2><div class="spacer battle-history"><br></div><div class="battle-history">PLZXEN withdrew Guzzlord!<br></div><div class="battle-history">PLZXEN sent out <strong>Goodra</strong>!<br></div><div class="spacer battle-history"><br></div><div class="battle-history">Forretress used <strong>Spikes</strong>!<br></div><div class="battle-history"><small>Spikes were scattered on the ground all around the opposing team!</small><br></div><div class="spacer battle-history"><br></div><div class="battle-history"><small>Forretress restored a little HP using its Leftovers!</small><br></div><div class="battle-history"><small>The mist disappeared from the battlefield.</small><br></div><div class="spacer battle-history"><br></div><h2 class="battle-history">Turn 6</h2><div class="spacer battle-history"><br></div><div class="battle-history">Forretress, come back!<br></div><div class="battle-history">Go! <strong>Clodsire</strong>!<br></div><div class="spacer battle-history"><br></div><div class="battle-history">The opposing Goodra used <strong>Flamethrower</strong>!<br></div><div class="battle-history"><small>(Clodsire lost 18% of its health!)</small><br></div><div class="spacer battle-history"><br></div><div class="battle-history"><small>Clodsire restored a little HP using its Leftovers!</small><br></div><div class="spacer battle-history"><br></div><h2 class="battle-history">Turn 7</h2><div class="spacer battle-history"><br></div><div class="battle-history">The opposing Goodra used <strong>Draco Meteor</strong>!<br></div><div class="battle-history"><small>(Clodsire lost 42% of its health!)</small><br></div><div class="battle-history"><small>The opposing Goodra's Sp. Atk fell harshly!</small><br></div><div class="spacer battle-history"><br></div><div class="battle-history">Clodsire used <strong>Toxic Spikes</strong>!<br></div><div class="battle-history"><small>Poison spikes were scattered on the ground all around the opposing team!</small><br></div><div class="spacer battle-history"><br></div><div class="battle-history"><small>Clodsire restored a little HP using its Leftovers!</small><br></div><div class="spacer battle-history"><br></div><h2 class="battle-history">Turn 8</h2><div class="spacer battle-history"><br></div><div class="battle-history">The opposing Goodra used <strong>Draco Meteor</strong>!<br></div><div class="battle-history"><small>A critical hit!</small><br></div><div class="battle-history"><small>(Clodsire lost 35% of its health!)</small><br></div><div class="battle-history"><small>The opposing Goodra's Sp. Atk fell harshly!</small><br></div><div class="spacer battle-history"><br></div><div class="battle-history">Clodsire fainted!<br></div><div class="chat chatmessage-cyborganist"><strong style="color:#8e4ec7"><small class="groupsymbol">☆</small><span class="username">CybOrganist</span>:</strong> <em>the crit</em></div><div class="chat chatmessage-cyborganist"><strong style="color:#8e4ec7"><small class="groupsymbol">☆</small><span class="username">CybOrganist</span>:</strong> <em>nooo</em></div><div class="spacer battle-history"><br></div><div class="battle-history">Go! <strong>Kyurem</strong>!<br></div><div class="battle-history">[Kyurem's Pressure]<br><small>Kyurem is exerting its pressure!</small><br></div><div class="spacer battle-history"><br></div><h2 class="battle-history">Turn 9</h2><div class="spacer battle-history"><br></div><div class="battle-history"><small>The opposing Goodra has Terastallized into the Poison-type!</small><br></div><div class="spacer battle-history"><br></div><div class="battle-history">Kyurem used <strong>Freeze-Dry</strong>!<br></div><div class="battle-history"><small>(The opposing Goodra lost 32% of its health!)</small><br></div><div class="spacer battle-history"><br></div><div class="battle-history">The opposing Goodra used <strong>Knock Off</strong>!<br></div><div class="battle-history"><small>(Kyurem lost 19% of its health!)</small><br></div><div class="battle-history"><small>The opposing Goodra knocked off Kyurem's Choice Scarf!</small><br></div><div class="spacer battle-history"><br></div><h2 class="battle-history">Turn 10</h2><div class="spacer battle-history"><br></div><div class="battle-history">Kyurem used <strong>Draco Meteor</strong>!<br></div><div class="battle-history"><small>The opposing Goodra avoided the attack!</small><br></div><div class="spacer battle-history"><br></div><div class="battle-history">The opposing Goodra used <strong>Draco Meteor</strong>!<br></div><div class="battle-history"><small>It's super effective!</small><br></div><div class="battle-history"><small>(Kyurem lost 40% of its health!)</small><br></div><div class="battle-history"><small>The opposing Goodra's Sp. Atk fell harshly!</small><br></div><div class="spacer battle-history"><br></div><h2 class="battle-history">Turn 11</h2><div class="spacer battle-history"><br></div><div class="battle-history">Kyurem used <strong>Draco Meteor</strong>!<br></div><div class="battle-history"><small>(The opposing Goodra lost 51% of its health!)</small><br></div><div class="battle-history"><small>Kyurem's Sp. Atk fell harshly!</small><br></div><div class="spacer battle-history"><br></div><div class="battle-history">The opposing Goodra used <strong>Draco Meteor</strong>!<br></div><div class="battle-history"><small>It's super effective!</small><br></div><div class="battle-history"><small>(Kyurem lost 36% of its health!)</small><br></div><div class="spacer battle-history"><br></div><h2 class="battle-history">Turn 12</h2><div class="chat"><small> Superpanchi joined</small></div><div class="chat chatmessage-superpanchi"><strong style="color:#2f7ba7"><small class="groupsymbol"> </small><span class="username">Superpanchi</span>:</strong> <em>I had to come find you bc you didn't share link lmao</em></div><div class="chat chatmessage-cyborganist"><strong style="color:#8e4ec7"><small class="groupsymbol">☆</small><span class="username">CybOrganist</span>:</strong> <em>ah sorry</em></div><div class="spacer battle-history"><br></div><div class="battle-history">Kyurem used <strong>Ice Beam</strong>!<br></div><div class="battle-history"><small>(The opposing Goodra lost 17% of its health!)</small><br></div><div class="spacer battle-history"><br></div><div class="battle-history">The opposing Goodra fainted!<br></div><div class="chat chatmessage-cyborganist"><strong style="color:#8e4ec7"><small class="groupsymbol">☆</small><span class="username">CybOrganist</span>:</strong> <em>rng is not with me today</em></div><div class="spacer battle-history"><br></div><div class="battle-history">PLZXEN sent out <strong>Celebi</strong>!<br></div><div class="battle-history"><small>The opposing Celebi was hurt by the spikes!</small><br></div><div class="battle-history"><small>The opposing Celebi was poisoned!</small><br></div><div class="spacer battle-history"><br></div><h2 class="battle-history">Turn 13</h2><div class="chat"><small> Jackstrick321 joined</small></div><div class="spacer battle-history"><br></div><div class="battle-history">Kyurem, come back!<br></div><div class="battle-history">Go! <strong>Zapdos</strong>!<br></div><div class="spacer battle-history"><br></div><div class="battle-history">The opposing Celebi used <strong>Dazzling Gleam</strong>!<br></div><div class="battle-history"><small>(Zapdos lost 22% of its health!)</small><br></div><div class="spacer battle-history"><br></div><div class="battle-history"><small>The opposing Celebi was hurt by poison!</small><br></div><div class="spacer battle-history"><br></div><h2 class="battle-history">Turn 14</h2><div class="spacer battle-history"><br></div><div class="battle-history"><small>(The opposing Celebi is cured by its Natural Cure!)</small><br></div><div class="battle-history">PLZXEN withdrew Celebi!<br></div><div class="battle-history">PLZXEN sent out <strong>Guzzlord</strong>!<br></div><div class="battle-history"><small>The opposing Guzzlord was hurt by the spikes!</small><br></div><div class="battle-history"><small>The opposing Guzzlord was poisoned!</small><br></div><div class="spacer battle-history"><br></div><div class="battle-history">Zapdos used <strong>Hurricane</strong>!<br></div><div class="battle-history"><small>The opposing Guzzlord avoided the attack!</small><br></div><div class="spacer battle-history"><br></div><div class="battle-history"><small>The opposing Guzzlord restored a little HP using its Leftovers!</small><br></div><div class="battle-history"><small>The opposing Guzzlord was hurt by poison!</small><br></div><div class="spacer battle-history"><br></div><h2 class="battle-history">Turn 15</h2><div class="chat chatmessage-cyborganist"><strong style="color:#8e4ec7"><small class="groupsymbol">☆</small><span class="username">CybOrganist</span>:</strong> <em>TT_TT</em></div><div class="spacer battle-history"><br></div><div class="battle-history">Zapdos used <strong>Volt Switch</strong>!<br></div><div class="battle-history"><small>It's not very effective...</small><br></div><div class="battle-history"><small>(The opposing Guzzlord lost 10% of its health!)</small><br></div><div class="spacer battle-history"><br></div><div class="battle-history">Zapdos went back to CybOrganist!<br></div><div class="battle-history">Go! <strong>Forretress</strong>!<br></div><div class="spacer battle-history"><br></div><div class="battle-history">The opposing Guzzlord used <strong>Toxic</strong>!<br></div><div class="battle-history"><small>It doesn't affect Forretress...</small><br></div><div class="spacer battle-history"><br></div><div class="battle-history"><small>The opposing Guzzlord restored a little HP using its Leftovers!</small><br></div><div class="battle-history"><small>Forretress restored a little HP using its Leftovers!</small><br></div><div class="battle-history"><small>The opposing Guzzlord was hurt by poison!</small><br></div><div class="spacer battle-history"><br></div><h2 class="battle-history">Turn 16</h2><div class="spacer battle-history"><br></div><div class="battle-history">The opposing Guzzlord used <strong>Knock Off</strong>!<br></div><div class="battle-history"><small>(Forretress lost 26% of its health!)</small><br></div><div class="battle-history"><small>The opposing Guzzlord knocked off Forretress's Leftovers!</small><br></div><div class="spacer battle-history"><br></div><div class="battle-history">Forretress used <strong>Spikes</strong>!<br></div><div class="battle-history"><small>Spikes were scattered on the ground all around the opposing team!</small><br></div><div class="spacer battle-history"><br></div><div class="battle-history"><small>The opposing Guzzlord restored a little HP using its Leftovers!</small><br></div><div class="battle-history"><small>The opposing Guzzlord was hurt by poison!</small><br></div><div class="spacer battle-history"><br></div><h2 class="battle-history">Turn 17</h2><div class="spacer battle-history"><br></div><div class="battle-history">The opposing Guzzlord used <strong>Earthquake</strong>!<br></div><div class="battle-history"><small>(Forretress lost 17% of its health!)</small><br></div><div class="spacer battle-history"><br></div><div class="battle-history">Forretress used <strong>Spikes</strong>!<br></div><div class="battle-history"><small>Spikes were scattered on the ground all around the opposing team!</small><br></div><div class="spacer battle-history"><br></div><div class="battle-history"><small>The opposing Guzzlord restored a little HP using its Leftovers!</small><br></div><div class="battle-history"><small>The opposing Guzzlord was hurt by poison!</small><br></div><div class="spacer battle-history"><br></div><h2 class="battle-history">Turn 18</h2><div class="spacer battle-history"><br></div><div class="battle-history">The opposing Guzzlord used <strong>Earthquake</strong>!<br></div><div class="battle-history"><small>(Forretress lost 15% of its health!)</small><br></div><div class="spacer battle-history"><br></div><div class="battle-history">Forretress used <strong>Volt Switch</strong>!<br></div><div class="battle-history"><small>It's not very effective...</small><br></div><div class="battle-history"><small>(The opposing Guzzlord lost 3% of its health!)</small><br></div><div class="spacer battle-history"><br></div><div class="battle-history">Forretress went back to CybOrganist!<br></div><div class="battle-history">Go! <strong>Kyurem</strong>!<br></div><div class="battle-history">[Kyurem's Pressure]<br><small>Kyurem is exerting its pressure!</small><br></div><div class="spacer battle-history"><br></div><div class="battle-history"><small>The opposing Guzzlord restored a little HP using its Leftovers!</small><br></div><div class="battle-history"><small>The opposing Guzzlord was hurt by poison!</small><br></div><div class="spacer battle-history"><br></div><h2 class="battle-history">Turn 19</h2><div class="spacer battle-history"><br></div><div class="battle-history">Kyurem used <strong>Ice Beam</strong>!<br></div><div class="battle-history"><small>It's super effective!</small><br></div><div class="battle-history"><small>(The opposing Guzzlord lost 43% of its health!)</small><br></div><div class="spacer battle-history"><br></div><div class="battle-history">The opposing Guzzlord fainted!<br></div><div class="spacer battle-history"><br></div><div class="battle-history">PLZXEN sent out <strong>Tapu Fini</strong>!<br></div><div class="battle-history"><small>The opposing Tapu Fini was hurt by the spikes!</small><br></div><div class="battle-history"><small>The opposing Tapu Fini was poisoned!</small><br></div><div class="battle-history">[The opposing Tapu Fini's Misty Surge]<br><small>Mist swirled around the battlefield!</small><br></div><div class="spacer battle-history"><br></div><h2 class="battle-history">Turn 20</h2><div class="spacer battle-history"><br></div><div class="battle-history">Kyurem, come back!<br></div><div class="battle-history">Go! <strong>Zapdos</strong>!<br></div><div class="spacer battle-history"><br></div><div class="battle-history">PLZXEN withdrew Tapu Fini!<br></div><div class="battle-history">PLZXEN sent out <strong>Celebi</strong>!<br></div><div class="battle-history"><small>The opposing Celebi was hurt by the spikes!</small><br></div><div class="spacer battle-history"><br></div><h2 class="battle-history">Turn 21</h2><div class="spacer battle-history"><br></div><div class="battle-history">The opposing Celebi used <strong>Psychic</strong>!<br></div><div class="battle-history"><small>(Zapdos lost 38% of its health!)</small><br></div><div class="spacer battle-history"><br></div><div class="battle-history">Zapdos used <strong>Hurricane</strong>!<br></div><div class="battle-history"><small>The opposing Celebi avoided the attack!</small><br></div><div class="spacer battle-history"><br></div><h2 class="battle-history">Turn 22</h2><div class="spacer battle-history"><br></div><div class="battle-history">The opposing Celebi used <strong>Psychic</strong>!<br></div><div class="battle-history"><small>A critical hit!</small><br></div><div class="battle-history"><small>(Zapdos lost 40% of its health!)</small><br></div><div class="spacer battle-history"><br></div><div class="battle-history">Zapdos fainted!<br></div><div class="chat chatmessage-cyborganist"><strong style="color:#8e4ec7"><small class="groupsymbol">☆</small><span class="username">CybOrganist</span>:</strong> <em>rngsus please</em></div><div class="spacer battle-history"><br></div><div class="battle-history">Go! <strong>Froslass</strong>!<br></div><div class="spacer battle-history"><br></div><h2 class="battle-history">Turn 23</h2><div class="spacer battle-history"><br></div><div class="battle-history">PLZXEN withdrew Celebi!<br></div><div class="battle-history">PLZXEN sent out <strong>Hawlucha</strong>!<br></div><div class="battle-history"><small>(The opposing Hawlucha used its Misty Seed!)</small><br></div><div class="battle-history"><small>The Misty Seed raised the opposing Hawlucha's Sp. Def!</small><br></div><div class="spacer battle-history"><br></div><div class="battle-history">Froslass used <strong>Icy Wind</strong>!<br></div><div class="battle-history"><small>It's super effective!</small><br></div><div class="battle-history"><small>(The opposing Hawlucha lost 50% of its health!)</small><br></div><div class="battle-history"><small>The opposing Hawlucha's Speed fell!</small><br></div><div class="spacer battle-history"><br></div><h2 class="battle-history">Turn 24</h2><div class="spacer battle-history"><br></div><div class="battle-history">Froslass used <strong>Icy Wind</strong>!<br></div><div class="battle-history"><small>It's super effective!</small><br></div><div class="battle-history"><small>(The opposing Hawlucha lost 50% of its health!)</small><br></div><div class="spacer battle-history"><br></div><div class="battle-history">The opposing Hawlucha fainted!<br></div><div class="spacer battle-history"><br></div><div class="battle-history"><small>The mist disappeared from the battlefield.</small><br></div><div class="spacer battle-history"><br></div><div class="battle-history">PLZXEN sent out <strong>Spectrier</strong>!<br></div><div class="battle-history"><small>The opposing Spectrier was hurt by the spikes!</small><br></div><div class="battle-history"><small>The opposing Spectrier was poisoned!</small><br></div><div class="spacer battle-history"><br></div><h2 class="battle-history">Turn 25</h2><div class="spacer battle-history"><br></div><div class="battle-history">Froslass, come back!<br></div><div class="battle-history">Go! Silvally (<strong>Silvally-Dark</strong>)!<br></div><div class="spacer battle-history"><br></div><div class="battle-history">The opposing Spectrier used <strong>Dark Pulse</strong>!<br></div><div class="battle-history"><small>It's not very effective...</small><br></div><div class="battle-history"><small>(Silvally lost 24% of its health!)</small><br></div><div class="spacer battle-history"><br></div><div class="battle-history"><small>The opposing Spectrier was hurt by poison!</small><br></div><div class="spacer battle-history"><br></div><h2 class="battle-history">Turn 26</h2><div class="spacer battle-history"><br></div><div class="battle-history"><small>(The opposing Spectrier is being withdrawn...)</small><br></div><div class="spacer battle-history"><br></div><div class="battle-history">Silvally used <strong>Pursuit</strong>!<br></div><div class="battle-history"><small>It's super effective!</small><br></div><div class="battle-history"><small>(The opposing Spectrier lost 63% of its health!)</small><br></div><div class="spacer battle-history"><br></div><div class="battle-history">The opposing Spectrier fainted!<br></div><div class="battle-history"><small>(A Pokemon can't switch between when it runs out of HP and when it faints)</small><br></div><div class="spacer battle-history"><br></div><div class="battle-history">PLZXEN sent out <strong>Celebi</strong>!<br></div><div class="battle-history"><small>The opposing Celebi was hurt by the spikes!</small><br></div><div class="battle-history"><small>The opposing Celebi was poisoned!</small><br></div><div class="spacer battle-history"><br></div><h2 class="battle-history">Turn 27</h2><div class="spacer battle-history"><br></div><div class="battle-history">The opposing Celebi used <strong>Psychic</strong>!<br></div><div class="battle-history"><small>It doesn't affect Silvally...</small><br></div><div class="spacer battle-history"><br></div><div class="battle-history">Silvally used <strong>Multi-Attack</strong>!<br></div><div class="battle-history"><small>It's super effective!</small><br></div><div class="battle-history"><small>(The opposing Celebi lost 26% of its health!)</small><br></div><div class="spacer battle-history"><br></div><div class="battle-history">The opposing Celebi fainted!<br></div><div class="spacer battle-history"><br></div><div class="battle-history">PLZXEN sent out <strong>Tapu Fini</strong>!<br></div><div class="battle-history"><small>The opposing Tapu Fini was hurt by the spikes!</small><br></div><div class="spacer battle-history"><br></div><div class="battle-history">The opposing Tapu Fini fainted!<br></div><div class="spacer battle-history"><br></div><div class="battle-history"><strong>CybOrganist</strong> won the battle!<br></div><div class="chat"><small>☆CybOrganist left</small></div><div class="chat chatmessage-plzxen"><strong style="color:#d41525"><small class="groupsymbol">☆</small><span class="username">PLZXEN</span>:</strong> <em>ggs</em></div><div class="chat"><small>☆PLZXEN left</small></div><div class="chat"><small>☆CybOrganist joined;  Jackstrick321 left</small></div><div class="chat chatmessage-cyborganist"><strong style="color:#8e4ec7"><small class="groupsymbol">☆</small><span class="username">CybOrganist</span>:</strong> <em>I'm back</em></div><div class="chat chatmessage-cyborganist"><strong style="color:#8e4ec7"><small class="groupsymbol">☆</small><span class="username">CybOrganist</span>:</strong> <em>?&gt;</em></div><div class="chat chatmessage-cyborganist"><strong style="color:#8e4ec7"><small class="groupsymbol">☆</small><span class="username">CybOrganist</span>:</strong> <em>oh</em></div><div class="chat"><small> alonzita joined;  alonzita left</small></div></div><div class="inner-preempt message-log"></div></div></div>
</div>
<script>
let daily = Math.floor(Date.now()/1000/60/60/24);document.write('<script src="https://play.pokemonshowdown.com/js/replay-embed.js?version'+daily+'"></'+'script>');
</script>
