<!DOCTYPE html>
<meta charset="utf-8" />
<!-- version 1 -->
<title>[Gen 9] NatDex Draft replay: CybOrganist vs. MrG&amp;K2</title>
<style>
html,body {font-family:Verdana, sans-serif;font-size:10pt;margin:0;padding:0;}body{padding:12px 0;} .battle-log {font-family:Verdana, sans-serif;font-size:10pt;} .battle-log-inline {border:1px solid #AAAAAA;background:#EEF2F5;color:black;max-width:640px;margin:0 auto 80px;padding-bottom:5px;} .battle-log .inner {padding:4px 8px 0px 8px;} .battle-log .inner-preempt {padding:0 8px 4px 8px;} .battle-log .inner-after {margin-top:0.5em;} .battle-log h2 {margin:0.5em -8px;padding:4px 8px;border:1px solid #AAAAAA;background:#E0E7EA;border-left:0;border-right:0;font-family:Verdana, sans-serif;font-size:13pt;} .battle-log .chat {vertical-align:middle;padding:3px 0 3px 0;font-size:8pt;} .battle-log .chat strong {color:#40576A;} .battle-log .chat em {padding:1px 4px 1px 3px;color:#000000;font-style:normal;} .chat.mine {background:rgba(0,0,0,0.05);margin-left:-8px;margin-right:-8px;padding-left:8px;padding-right:8px;} .spoiler {color:#BBBBBB;background:#BBBBBB;padding:0px 3px;} .spoiler:hover, .spoiler:active, .spoiler-shown {color:#000000;background:#E2E2E2;padding:0px 3px;} .spoiler a {color:#BBBBBB;} .spoiler:hover a, .spoiler:active a, .spoiler-shown a {color:#2288CC;} .chat code, .chat .spoiler:hover code, .chat .spoiler:active code, .chat .spoiler-shown code {border:1px solid #C0C0C0;background:#EEEEEE;color:black;padding:0 2px;} .chat .spoiler code {border:1px solid #CCCCCC;background:#CCCCCC;color:#CCCCCC;} .battle-log .rated {padding:3px 4px;} .battle-log .rated strong {color:white;background:#89A;padding:1px 4px;border-radius:4px;} .spacer {margin-top:0.5em;} .message-announce {background:#6688AA;color:white;padding:1px 4px 2px;} .message-announce a, .broadcast-green a, .broadcast-blue a, .broadcast-red a {color:#DDEEFF;} .broadcast-green {background-color:#559955;color:white;padding:2px 4px;} .broadcast-blue {background-color:#6688AA;color:white;padding:2px 4px;} .infobox {border:1px solid #6688AA;padding:2px 4px;} .infobox-limited {max-height:200px;overflow:auto;overflow-x:hidden;} .broadcast-red {background-color:#AA5544;color:white;padding:2px 4px;} .message-learn-canlearn {font-weight:bold;color:#228822;text-decoration:underline;} .message-learn-cannotlearn {font-weight:bold;color:#CC2222;text-decoration:underline;} .message-effect-weak {font-weight:bold;color:#CC2222;} .message-effect-resist {font-weight:bold;color:#6688AA;} .message-effect-immune {font-weight:bold;color:#666666;} .message-learn-list {margin-top:0;margin-bottom:0;} .message-throttle-notice, .message-error {color:#992222;} .message-overflow, .chat small.message-overflow {font-size:0pt;} .message-overflow::before {font-size:9pt;content:'...';} .subtle {color:#3A4A66;}
</style>
<div class="wrapper replay-wrapper" style="max-width:1180px;margin:0 auto">
<input type="hidden" name="replayid" value="gen9natdexdraft-2361840264" />
<div class="battle"></div><div class="battle-log"></div><div class="replay-controls"></div><div class="replay-controls-2"></div>
<h1 style="font-weight:normal;text-align:center"><strong>[Gen 9] NatDex Draft</strong><br /><a href="http://pokemonshowdown.com/users/cyborganist" class="subtle" target="_blank">CybOrganist</a> vs. <a href="http://pokemonshowdown.com/users/mrgk2" class="subtle" target="_blank">MrG&amp;K2</a></h1>
<script type="text/plain" class="battle-log-data">
|j|☆CybOrganist
|j|☆MrG&K2
|t:|1746993209
|gametype|singles
|player|p1|CybOrganist|winona|
|player|p2|MrG&K2|102|
|teamsize|p1|6
|teamsize|p2|6
|gen|9
|tier|[Gen 9] NatDex Draft
|rule|Sleep Clause Mod: Limit one foe put to sleep
|rule|OHKO Clause: OHKO moves are banned
|rule|Evasion Clause: Evasion abilities, items, and moves are banned
|rule|Evasion Abilities Clause: Evasion abilities are banned
|rule|Evasion Items Clause: Evasion items are banned
|rule|Evasion Moves Clause: Evasion moves are banned
|rule|Endless Battle Clause: Forcing endless battles is banned
|rule|HP Percentage Mod: HP is shown in percentages
|clearpoke
|poke|p1|Zapdos|
|poke|p1|Diancie|
|poke|p1|Aerodactyl, F|
|poke|p1|Bisharp, F|
|poke|p1|Kyurem|
|poke|p1|Clodsire, M|
|poke|p2|Iron Bundle|
|poke|p2|Meowscarada, F|
|poke|p2|Gardevoir, F|
|poke|p2|Scizor, F|
|poke|p2|Passimian, M|
|poke|p2|Walking Wake|
|teampreview
|j| Superpanchi
|c|☆CybOrganist|I posted the link
|c|☆CybOrganist|shall we get started?
|c|☆MrG&K2|Thank you
|j| Astro Rifk
|c|☆MrG&K2|Yeah, give me a sec
|c|☆CybOrganist|ok
|c|☆MrG&K2|I am slow my apologies
|c|☆CybOrganist|no worries
|l| Astro Rifk
|
|t:|1746993385
|start
|switch|p1a: Shizu|Zapdos|100\/100
|switch|p2a: Iron Bundle|Iron Bundle|100\/100
|-ability|p1a: Shizu|Pressure
|turn|1
|j| Jackstrick321
|
|t:|1746993434
|move|p2a: Iron Bundle|Ice Beam|p1a: Shizu
|-supereffective|p1a: Shizu
|-damage|p1a: Shizu|35\/100
|move|p1a: Shizu|Volt Switch|p2a: Iron Bundle
|-supereffective|p2a: Iron Bundle
|-damage|p2a: Iron Bundle|0 fnt
|faint|p2a: Iron Bundle
|-end|p2a: Iron Bundle|Quark Drive|[silent]
|
|t:|1746993457
|switch|p1a: Kami|Clodsire, M|100\/100|[from] Volt Switch
|
|upkeep
|j| Astro Rifk
|
|t:|1746993492
|switch|p2a: Passimian|Passimian, M|100\/100
|turn|2
|
|t:|1746993530
|move|p2a: Passimian|Earthquake|p1a: Kami
|-supereffective|p1a: Kami
|-crit|p1a: Kami
|-damage|p1a: Kami|11\/100
|move|p1a: Kami|Spikes|p2a: Passimian
|-sidestart|p2: MrG&K2|Spikes
|
|-heal|p1a: Kami|17\/100|[from] item: Leftovers
|upkeep
|turn|3
|
|t:|1746993540
|switch|p1a: Shizu|Zapdos|35\/100
|-ability|p1a: Shizu|Pressure
|move|p2a: Passimian|Earthquake|p1a: Shizu
|-immune|p1a: Shizu
|
|upkeep
|turn|4
|
|t:|1746993608
|switch|p2a: Meowscarada|Meowscarada, F|100\/100
|-damage|p2a: Meowscarada|88\/100|[from] Spikes
|move|p1a: Shizu|Reflect|p1a: Shizu
|-sidestart|p1: CybOrganist|Reflect
|
|upkeep
|turn|5
|j| bluefox08
|
|t:|1746993665
|switch|p1a: Ryuuken|Bisharp, F|100\/100
|move|p2a: Meowscarada|Knock Off|p1a: Ryuuken
|-start|p2a: Meowscarada|typechange|Dark|[from] ability: Protean
|-resisted|p1a: Ryuuken
|-damage|p1a: Ryuuken|91\/100
|-enditem|p1a: Ryuuken|Eviolite|[from] move: Knock Off|[of] p2a: Meowscarada
|
|upkeep
|turn|6
|l| Astro Rifk
|
|t:|1746993721
|switch|p2a: Scizor|Scizor, F|100\/100
|-damage|p2a: Scizor|88\/100|[from] Spikes
|move|p1a: Ryuuken|Swords Dance|p1a: Ryuuken
|-boost|p1a: Ryuuken|atk|2
|
|upkeep
|turn|7
|
|t:|1746993772
|move|p1a: Ryuuken|Knock Off|p2a: Scizor
|-crit|p2a: Scizor
|-damage|p2a: Scizor|0 fnt
|-enditem|p2a: Scizor|Life Orb|[from] move: Knock Off|[of] p1a: Ryuuken
|faint|p2a: Scizor
|
|upkeep
|c|☆MrG&K2|Noooo you outspeed
|
|t:|1746993826
|switch|p2a: Passimian|Passimian, M|100\/100
|-damage|p2a: Passimian|88\/100|[from] Spikes
|turn|8
|
|t:|1746993841
|move|p1a: Ryuuken|Sucker Punch|p2a: Passimian
|-resisted|p2a: Passimian
|-damage|p2a: Passimian|46\/100
|move|p2a: Passimian|Close Combat|p1a: Ryuuken
|-supereffective|p1a: Ryuuken
|-damage|p1a: Ryuuken|0 fnt
|-unboost|p2a: Passimian|def|1
|-unboost|p2a: Passimian|spd|1
|faint|p1a: Ryuuken
|
|upkeep
|
|t:|1746993864
|switch|p1a: Shizu|Zapdos|35\/100
|-ability|p1a: Shizu|Pressure
|turn|9
|
|t:|1746993912
|move|p2a: Passimian|Close Combat|p1a: Shizu
|-resisted|p1a: Shizu
|-damage|p1a: Shizu|19\/100
|-unboost|p2a: Passimian|def|1
|-unboost|p2a: Passimian|spd|1
|move|p1a: Shizu|Roost|p1a: Shizu
|-heal|p1a: Shizu|69\/100
|-singleturn|p1a: Shizu|move: Roost
|
|upkeep
|turn|10
|
|t:|1746993940
|switch|p2a: Meowscarada|Meowscarada, F|88\/100
|-damage|p2a: Meowscarada|76\/100|[from] Spikes
|move|p1a: Shizu|Light Screen|p1a: Shizu
|-sidestart|p1: CybOrganist|move: Light Screen
|
|upkeep
|turn|11
|l| Jackstrick321
|
|t:|1746994013
|move|p2a: Meowscarada|Triple Axel|p1a: Shizu
|-start|p2a: Meowscarada|typechange|Ice|[from] ability: Protean
|-supereffective|p1a: Shizu
|-damage|p1a: Shizu|60\/100
|-supereffective|p1a: Shizu
|-damage|p1a: Shizu|39\/100
|-supereffective|p1a: Shizu
|-damage|p1a: Shizu|13\/100
|-hitcount|p1a: Shizu|3
|move|p1a: Shizu|Volt Switch|p2a: Meowscarada
|-damage|p2a: Meowscarada|34\/100
|
|t:|1746994034
|switch|p1a: Aerodactyl|Aerodactyl, F|100\/100|[from] Volt Switch
|
|-sideend|p1: CybOrganist|Reflect
|upkeep
|turn|12
|
|t:|1746994110
|detailschange|p1a: Aerodactyl|Aerodactyl-Mega, F
|-mega|p1a: Aerodactyl|Aerodactyl|Aerodactylite
|move|p2a: Meowscarada|Triple Axel|p1a: Aerodactyl
|-supereffective|p1a: Aerodactyl
|-damage|p1a: Aerodactyl|78\/100
|-hitcount|p1a: Aerodactyl|1
|move|p1a: Aerodactyl|Earthquake|p2a: Meowscarada
|-damage|p2a: Meowscarada|0 fnt
|faint|p2a: Meowscarada
|
|upkeep
|c| bluefox08|9% chance
|c| Superpanchi|the single axel
|
|t:|1746994133
|switch|p2a: Walking Wake|Walking Wake|100\/100
|turn|13
|c|☆MrG&K2|Damn
|c| bluefox08|There is a 9% chance for a single axel
|
|t:|1746994181
|switch|p1a: Kami|Clodsire, M|17\/100
|move|p2a: Walking Wake|Surf|p1a: Kami
|-supereffective|p1a: Kami
|-damage|p1a: Kami|0 fnt
|faint|p1a: Kami
|
|upkeep
|c| bluefox08|Congrats you won the lottery
|
|t:|1746994191
|switch|p1a: Shizu|Zapdos|13\/100
|-ability|p1a: Shizu|Pressure
|turn|14
|
|t:|1746994212
|move|p2a: Walking Wake|Draco Meteor|p1a: Shizu
|-damage|p1a: Shizu|0 fnt
|-unboost|p2a: Walking Wake|spa|2
|faint|p1a: Shizu
|
|upkeep
|
|t:|1746994228
|switch|p1a: Mariya|Diancie|100\/100
|turn|15
|
|t:|1746994317
|move|p2a: Walking Wake|Surf|p1a: Mariya
|-supereffective|p1a: Mariya
|-damage|p1a: Mariya|81\/100
|move|p1a: Mariya|Trick Room|p1a: Mariya
|-fieldstart|move: Trick Room|[of] p1a: Mariya
|
|upkeep
|turn|16
|j| Jackstrick321
|
|t:|1746994376
|move|p1a: Mariya|Moonblast|p2a: Walking Wake
|-supereffective|p2a: Walking Wake
|-crit|p2a: Walking Wake
|-damage|p2a: Walking Wake|0 fnt
|faint|p2a: Walking Wake
|-end|p2a: Walking Wake|Protosynthesis|[silent]
|
|upkeep
|
|t:|1746994394
|switch|p2a: Passimian|Passimian, M|46\/100
|-damage|p2a: Passimian|34\/100|[from] Spikes
|turn|17
|
|t:|1746994406
|move|p1a: Mariya|Moonblast|p2a: Passimian
|-supereffective|p2a: Passimian
|-damage|p2a: Passimian|0 fnt
|faint|p2a: Passimian
|
|-sideend|p1: CybOrganist|move: Light Screen
|upkeep
|
|t:|1746994414
|switch|p2a: Gardevoir|Gardevoir, F|100\/100
|-damage|p2a: Gardevoir|88\/100|[from] Spikes
|turn|18
|
|t:|1746994452
|move|p1a: Mariya|Meteor Beam||[still]
|-prepare|p1a: Mariya|Meteor Beam
|-boost|p1a: Mariya|spa|1
|-enditem|p1a: Mariya|Power Herb
|-anim|p1a: Mariya|Meteor Beam|p2a: Gardevoir
|-damage|p2a: Gardevoir|0 fnt
|faint|p2a: Gardevoir
|
|win|CybOrganist
|c|☆CybOrganist|ggs
|c|☆MrG&K2|GGs!
|l| Jackstrick321
|l| bluefox08
|c|☆CybOrganist|thanks for the game!
|c|☆MrG&K2|Thought I could kill with Bundle

</script>
</div>
<div class="battle-log battle-log-inline"><div class="inner"><div class="battle-options"></div><div class="inner message-log"><div class="chat"><small>☆CybOrganist and ☆MrG&amp;K2 joined</small></div><div class=""><small>Format:</small> <br><strong>[Gen 9] NatDex Draft</strong></div><div class=""><small><em>Sleep Clause Mod:</em> Limit one foe put to sleep</small></div><div class=""><small><em>OHKO Clause:</em> OHKO moves are banned</small></div><div class=""><small><em>Evasion Clause:</em> Evasion abilities, items, and moves are banned</small></div><div class=""><small><em>Evasion Abilities Clause:</em> Evasion abilities are banned</small></div><div class=""><small><em>Evasion Items Clause:</em> Evasion items are banned</small></div><div class=""><small><em>Evasion Moves Clause:</em> Evasion moves are banned</small></div><div class=""><small><em>Endless Battle Clause:</em> Forcing endless battles is banned</small></div><div class=""><small><em>HP Percentage Mod:</em> HP is shown in percentages</small></div><div class="chat battle-history"><strong>CybOrganist's team:</strong> <em style="color:#445566;display:block;">Zapdos / Diancie / Aerodactyl / Bisharp / Kyurem / Clodsire</em></div><div class="chat battle-history"><strong>MrG&amp;K2's team:</strong> <em style="color:#445566;display:block;">Iron Bundle / Meowscarada / Gardevoir / Scizor / Passimian / Walking Wake</em></div><div class="chat"><small> Superpanchi joined</small></div><div class="chat chatmessage-cyborganist"><strong style="color:#8e4ec7"><small class="groupsymbol">☆</small><span class="username">CybOrganist</span>:</strong> <em>I posted the link</em></div><div class="chat chatmessage-cyborganist"><strong style="color:#8e4ec7"><small class="groupsymbol">☆</small><span class="username">CybOrganist</span>:</strong> <em>shall we get started?</em></div><div class="chat chatmessage-mrgk2"><strong style="color:#8034e3"><small class="groupsymbol">☆</small><span class="username">MrG&amp;K2</span>:</strong> <em>Thank you</em></div><div class="chat"><small> Astro Rifk joined</small></div><div class="chat chatmessage-mrgk2"><strong style="color:#8034e3"><small class="groupsymbol">☆</small><span class="username">MrG&amp;K2</span>:</strong> <em>Yeah, give me a sec</em></div><div class="chat chatmessage-cyborganist"><strong style="color:#8e4ec7"><small class="groupsymbol">☆</small><span class="username">CybOrganist</span>:</strong> <em>ok</em></div><div class="chat chatmessage-mrgk2"><strong style="color:#8034e3"><small class="groupsymbol">☆</small><span class="username">MrG&amp;K2</span>:</strong> <em>I am slow my apologies</em></div><div class="chat chatmessage-cyborganist"><strong style="color:#8e4ec7"><small class="groupsymbol">☆</small><span class="username">CybOrganist</span>:</strong> <em>no worries</em></div><div class="chat"><small> Astro Rifk left</small></div><div class="spacer battle-history"><br></div><div class="battle-history">Battle started between CybOrganist and MrG&amp;K2!<br></div><div class="spacer battle-history"><br></div><div class="battle-history">Go! Shizu (<strong>Zapdos</strong>)!<br></div><div class="spacer battle-history"><br></div><div class="battle-history">MrG&amp;K2 sent out <strong>Iron Bundle</strong>!<br></div><div class="battle-history">[Shizu's Pressure]<br><small>Shizu is exerting its pressure!</small><br></div><div class="spacer battle-history"><br></div><h2 class="battle-history">Turn 1</h2><div class="chat"><small> Jackstrick321 joined</small></div><div class="spacer battle-history"><br></div><div class="battle-history">The opposing Iron Bundle used <strong>Ice Beam</strong>!<br></div><div class="battle-history"><small>It's super effective!</small><br></div><div class="battle-history"><small>(Shizu lost 65% of its health!)</small><br></div><div class="spacer battle-history"><br></div><div class="battle-history">Shizu used <strong>Volt Switch</strong>!<br></div><div class="battle-history"><small>It's super effective!</small><br></div><div class="battle-history"><small>(The opposing Iron Bundle lost 100% of its health!)</small><br></div><div class="spacer battle-history"><br></div><div class="battle-history">The opposing Iron Bundle fainted!<br></div><div class="spacer battle-history"><br></div><div class="battle-history">Shizu went back to CybOrganist!<br></div><div class="battle-history">Go! Kami (<strong>Clodsire</strong>)!<br></div><div class="chat"><small> Astro Rifk joined</small></div><div class="spacer battle-history"><br></div><div class="battle-history">MrG&amp;K2 sent out <strong>Passimian</strong>!<br></div><div class="spacer battle-history"><br></div><h2 class="battle-history">Turn 2</h2><div class="spacer battle-history"><br></div><div class="battle-history">The opposing Passimian used <strong>Earthquake</strong>!<br></div><div class="battle-history"><small>It's super effective!</small><br></div><div class="battle-history"><small>A critical hit!</small><br></div><div class="battle-history"><small>(Kami lost 89% of its health!)</small><br></div><div class="spacer battle-history"><br></div><div class="battle-history">Kami used <strong>Spikes</strong>!<br></div><div class="battle-history"><small>Spikes were scattered on the ground all around the opposing team!</small><br></div><div class="spacer battle-history"><br></div><div class="battle-history"><small>Kami restored a little HP using its Leftovers!</small><br></div><div class="spacer battle-history"><br></div><h2 class="battle-history">Turn 3</h2><div class="spacer battle-history"><br></div><div class="battle-history">Kami, come back!<br></div><div class="battle-history">Go! Shizu (<strong>Zapdos</strong>)!<br></div><div class="battle-history">[Shizu's Pressure]<br><small>Shizu is exerting its pressure!</small><br></div><div class="spacer battle-history"><br></div><div class="battle-history">The opposing Passimian used <strong>Earthquake</strong>!<br></div><div class="battle-history"><small>It doesn't affect Shizu...</small><br></div><div class="spacer battle-history"><br></div><h2 class="battle-history">Turn 4</h2><div class="spacer battle-history"><br></div><div class="battle-history">MrG&amp;K2 withdrew Passimian!<br></div><div class="battle-history">MrG&amp;K2 sent out <strong>Meowscarada</strong>!<br></div><div class="battle-history"><small>The opposing Meowscarada was hurt by the spikes!</small><br></div><div class="spacer battle-history"><br></div><div class="battle-history">Shizu used <strong>Reflect</strong>!<br></div><div class="battle-history"><small>Reflect made your team stronger against physical moves!</small><br></div><div class="spacer battle-history"><br></div><h2 class="battle-history">Turn 5</h2><div class="chat"><small> bluefox08 joined</small></div><div class="spacer battle-history"><br></div><div class="battle-history">Shizu, come back!<br></div><div class="battle-history">Go! Ryuuken (<strong>Bisharp</strong>)!<br></div><div class="spacer battle-history"><br></div><div class="battle-history">The opposing Meowscarada used <strong>Knock Off</strong>!<br></div><div class="spacer battle-history"><br></div><div class="battle-history">[The opposing Meowscarada's Protean]<br><small>The opposing Meowscarada's type changed to Dark!</small><br></div><div class="battle-history"><small>It's not very effective...</small><br></div><div class="battle-history"><small>(Ryuuken lost 9% of its health!)</small><br></div><div class="battle-history"><small>The opposing Meowscarada knocked off Ryuuken's Eviolite!</small><br></div><div class="spacer battle-history"><br></div><h2 class="battle-history">Turn 6</h2><div class="chat"><small> Astro Rifk left</small></div><div class="spacer battle-history"><br></div><div class="battle-history">MrG&amp;K2 withdrew Meowscarada!<br></div><div class="battle-history">MrG&amp;K2 sent out <strong>Scizor</strong>!<br></div><div class="battle-history"><small>The opposing Scizor was hurt by the spikes!</small><br></div><div class="spacer battle-history"><br></div><div class="battle-history">Ryuuken used <strong>Swords Dance</strong>!<br></div><div class="battle-history"><small>Ryuuken's Attack rose sharply!</small><br></div><div class="spacer battle-history"><br></div><h2 class="battle-history">Turn 7</h2><div class="spacer battle-history"><br></div><div class="battle-history">Ryuuken used <strong>Knock Off</strong>!<br></div><div class="battle-history"><small>A critical hit!</small><br></div><div class="battle-history"><small>(The opposing Scizor lost 88% of its health!)</small><br></div><div class="battle-history"><small>Ryuuken knocked off the opposing Scizor's Life Orb!</small><br></div><div class="spacer battle-history"><br></div><div class="battle-history">The opposing Scizor fainted!<br></div><div class="chat chatmessage-mrgk2"><strong style="color:#8034e3"><small class="groupsymbol">☆</small><span class="username">MrG&amp;K2</span>:</strong> <em>Noooo you outspeed</em></div><div class="spacer battle-history"><br></div><div class="battle-history">MrG&amp;K2 sent out <strong>Passimian</strong>!<br></div><div class="battle-history"><small>The opposing Passimian was hurt by the spikes!</small><br></div><div class="spacer battle-history"><br></div><h2 class="battle-history">Turn 8</h2><div class="spacer battle-history"><br></div><div class="battle-history">Ryuuken used <strong>Sucker Punch</strong>!<br></div><div class="battle-history"><small>It's not very effective...</small><br></div><div class="battle-history"><small>(The opposing Passimian lost 42% of its health!)</small><br></div><div class="spacer battle-history"><br></div><div class="battle-history">The opposing Passimian used <strong>Close Combat</strong>!<br></div><div class="battle-history"><small>It's super effective!</small><br></div><div class="battle-history"><small>(Ryuuken lost 91% of its health!)</small><br></div><div class="battle-history"><small>The opposing Passimian's Defense fell!</small><br></div><div class="battle-history"><small>The opposing Passimian's Sp. Def fell!</small><br></div><div class="spacer battle-history"><br></div><div class="battle-history">Ryuuken fainted!<br></div><div class="spacer battle-history"><br></div><div class="battle-history">Go! Shizu (<strong>Zapdos</strong>)!<br></div><div class="battle-history">[Shizu's Pressure]<br><small>Shizu is exerting its pressure!</small><br></div><div class="spacer battle-history"><br></div><h2 class="battle-history">Turn 9</h2><div class="spacer battle-history"><br></div><div class="battle-history">The opposing Passimian used <strong>Close Combat</strong>!<br></div><div class="battle-history"><small>It's not very effective...</small><br></div><div class="battle-history"><small>(Shizu lost 16% of its health!)</small><br></div><div class="battle-history"><small>The opposing Passimian's Defense fell!</small><br></div><div class="battle-history"><small>The opposing Passimian's Sp. Def fell!</small><br></div><div class="spacer battle-history"><br></div><div class="battle-history">Shizu used <strong>Roost</strong>!<br></div><div class="battle-history"><small>Shizu had its HP restored.</small><br></div><div class="battle-history"><small>(Shizu loses Flying type this turn.)</small><br></div><div class="spacer battle-history"><br></div><h2 class="battle-history">Turn 10</h2><div class="spacer battle-history"><br></div><div class="battle-history">MrG&amp;K2 withdrew Passimian!<br></div><div class="battle-history">MrG&amp;K2 sent out <strong>Meowscarada</strong>!<br></div><div class="battle-history"><small>The opposing Meowscarada was hurt by the spikes!</small><br></div><div class="spacer battle-history"><br></div><div class="battle-history">Shizu used <strong>Light Screen</strong>!<br></div><div class="battle-history"><small>Light Screen made your team stronger against special moves!</small><br></div><div class="spacer battle-history"><br></div><h2 class="battle-history">Turn 11</h2><div class="chat"><small> Jackstrick321 left</small></div><div class="spacer battle-history"><br></div><div class="battle-history">The opposing Meowscarada used <strong>Triple Axel</strong>!<br></div><div class="spacer battle-history"><br></div><div class="battle-history">[The opposing Meowscarada's Protean]<br><small>The opposing Meowscarada's type changed to Ice!</small><br></div><div class="battle-history"><small>It's super effective!</small><br></div><div class="battle-history"><small>(Shizu lost 9% of its health!)</small><br></div><div class="battle-history"><small>It's super effective!</small><br></div><div class="battle-history"><small>(Shizu lost 21% of its health!)</small><br></div><div class="battle-history"><small>It's super effective!</small><br></div><div class="battle-history"><small>(Shizu lost 26% of its health!)</small><br></div><div class="battle-history"><small>The Pokémon was hit 3 times!</small><br></div><div class="spacer battle-history"><br></div><div class="battle-history">Shizu used <strong>Volt Switch</strong>!<br></div><div class="battle-history"><small>(The opposing Meowscarada lost 42% of its health!)</small><br></div><div class="spacer battle-history"><br></div><div class="battle-history">Shizu went back to CybOrganist!<br></div><div class="battle-history">Go! <strong>Aerodactyl</strong>!<br></div><div class="spacer battle-history"><br></div><div class="battle-history"><small>Your team's Reflect wore off!</small><br></div><div class="spacer battle-history"><br></div><h2 class="battle-history">Turn 12</h2><div class="spacer battle-history"><br></div><div class="battle-history"><small>Aerodactyl's Aerodactylite is reacting to the Key Stone!</small><br>Aerodactyl has Mega Evolved into Mega Aerodactyl!<br></div><div class="spacer battle-history"><br></div><div class="battle-history">The opposing Meowscarada used <strong>Triple Axel</strong>!<br></div><div class="battle-history"><small>It's super effective!</small><br></div><div class="battle-history"><small>(Aerodactyl lost 22% of its health!)</small><br></div><div class="battle-history"><small>The Pokémon was hit 1 time!</small><br></div><div class="spacer battle-history"><br></div><div class="battle-history">Aerodactyl used <strong>Earthquake</strong>!<br></div><div class="battle-history"><small>(The opposing Meowscarada lost 34% of its health!)</small><br></div><div class="spacer battle-history"><br></div><div class="battle-history">The opposing Meowscarada fainted!<br></div><div class="chat chatmessage-bluefox08"><strong style="color:#ac7346"><small class="groupsymbol"> </small><span class="username">bluefox08</span>:</strong> <em>9% chance</em></div><div class="chat chatmessage-superpanchi"><strong style="color:#2f7ba7"><small class="groupsymbol"> </small><span class="username">Superpanchi</span>:</strong> <em>the single axel</em></div><div class="spacer battle-history"><br></div><div class="battle-history">MrG&amp;K2 sent out <strong>Walking Wake</strong>!<br></div><div class="spacer battle-history"><br></div><h2 class="battle-history">Turn 13</h2><div class="chat chatmessage-mrgk2"><strong style="color:#8034e3"><small class="groupsymbol">☆</small><span class="username">MrG&amp;K2</span>:</strong> <em>Damn</em></div><div class="chat chatmessage-bluefox08"><strong style="color:#ac7346"><small class="groupsymbol"> </small><span class="username">bluefox08</span>:</strong> <em>There is a 9% chance for a single axel</em></div><div class="spacer battle-history"><br></div><div class="battle-history">Aerodactyl, come back!<br></div><div class="battle-history">Go! Kami (<strong>Clodsire</strong>)!<br></div><div class="spacer battle-history"><br></div><div class="battle-history">The opposing Walking Wake used <strong>Surf</strong>!<br></div><div class="battle-history"><small>It's super effective!</small><br></div><div class="battle-history"><small>(Kami lost 17% of its health!)</small><br></div><div class="spacer battle-history"><br></div><div class="battle-history">Kami fainted!<br></div><div class="chat chatmessage-bluefox08"><strong style="color:#ac7346"><small class="groupsymbol"> </small><span class="username">bluefox08</span>:</strong> <em>Congrats you won the lottery</em></div><div class="spacer battle-history"><br></div><div class="battle-history">Go! Shizu (<strong>Zapdos</strong>)!<br></div><div class="battle-history">[Shizu's Pressure]<br><small>Shizu is exerting its pressure!</small><br></div><div class="spacer battle-history"><br></div><h2 class="battle-history">Turn 14</h2><div class="spacer battle-history"><br></div><div class="battle-history">The opposing Walking Wake used <strong>Draco Meteor</strong>!<br></div><div class="battle-history"><small>(Shizu lost 13% of its health!)</small><br></div><div class="battle-history"><small>The opposing Walking Wake's Sp. Atk fell harshly!</small><br></div><div class="spacer battle-history"><br></div><div class="battle-history">Shizu fainted!<br></div><div class="spacer battle-history"><br></div><div class="battle-history">Go! Mariya (<strong>Diancie</strong>)!<br></div><div class="spacer battle-history"><br></div><h2 class="battle-history">Turn 15</h2><div class="spacer battle-history"><br></div><div class="battle-history">The opposing Walking Wake used <strong>Surf</strong>!<br></div><div class="battle-history"><small>It's super effective!</small><br></div><div class="battle-history"><small>(Mariya lost 19% of its health!)</small><br></div><div class="spacer battle-history"><br></div><div class="battle-history">Mariya used <strong>Trick Room</strong>!<br></div><div class="battle-history"><small>Mariya twisted the dimensions!</small><br></div><div class="spacer battle-history"><br></div><h2 class="battle-history">Turn 16</h2><div class="chat"><small> Jackstrick321 joined</small></div><div class="spacer battle-history"><br></div><div class="battle-history">Mariya used <strong>Moonblast</strong>!<br></div><div class="battle-history"><small>It's super effective!</small><br></div><div class="battle-history"><small>A critical hit!</small><br></div><div class="battle-history"><small>(The opposing Walking Wake lost 100% of its health!)</small><br></div><div class="spacer battle-history"><br></div><div class="battle-history">The opposing Walking Wake fainted!<br></div><div class="spacer battle-history"><br></div><div class="battle-history">MrG&amp;K2 sent out <strong>Passimian</strong>!<br></div><div class="battle-history"><small>The opposing Passimian was hurt by the spikes!</small><br></div><div class="spacer battle-history"><br></div><h2 class="battle-history">Turn 17</h2><div class="spacer battle-history"><br></div><div class="battle-history">Mariya used <strong>Moonblast</strong>!<br></div><div class="battle-history"><small>It's super effective!</small><br></div><div class="battle-history"><small>(The opposing Passimian lost 34% of its health!)</small><br></div><div class="spacer battle-history"><br></div><div class="battle-history">The opposing Passimian fainted!<br></div><div class="spacer battle-history"><br></div><div class="battle-history"><small>Your team's Light Screen wore off!</small><br></div><div class="spacer battle-history"><br></div><div class="battle-history">MrG&amp;K2 sent out <strong>Gardevoir</strong>!<br></div><div class="battle-history"><small>The opposing Gardevoir was hurt by the spikes!</small><br></div><div class="spacer battle-history"><br></div><h2 class="battle-history">Turn 18</h2><div class="spacer battle-history"><br></div><div class="battle-history">Mariya used <strong>Meteor Beam</strong>!<br></div><div class="battle-history">Mariya is overflowing with space power!<br></div><div class="battle-history"><small>Mariya's Sp. Atk rose!</small><br></div><div class="battle-history"><small>Mariya became fully charged due to its Power Herb!</small><br></div><div class="battle-history"><small>(The opposing Gardevoir lost 88% of its health!)</small><br></div><div class="spacer battle-history"><br></div><div class="battle-history">The opposing Gardevoir fainted!<br></div><div class="spacer battle-history"><br></div><div class="battle-history"><strong>CybOrganist</strong> won the battle!<br></div><div class="chat chatmessage-cyborganist"><strong style="color:#8e4ec7"><small class="groupsymbol">☆</small><span class="username">CybOrganist</span>:</strong> <em>ggs</em></div><div class="chat chatmessage-mrgk2"><strong style="color:#8034e3"><small class="groupsymbol">☆</small><span class="username">MrG&amp;K2</span>:</strong> <em>GGs!</em></div><div class="chat"><small> Jackstrick321 and  bluefox08 left</small></div><div class="chat chatmessage-cyborganist"><strong style="color:#8e4ec7"><small class="groupsymbol">☆</small><span class="username">CybOrganist</span>:</strong> <em>thanks for the game!</em></div><div class="chat chatmessage-mrgk2"><strong style="color:#8034e3"><small class="groupsymbol">☆</small><span class="username">MrG&amp;K2</span>:</strong> <em>Thought I could kill with Bundle</em></div></div><div class="inner-preempt message-log"></div></div></div>
</div>
<script>
let daily = Math.floor(Date.now()/1000/60/60/24);document.write('<script src="https://play.pokemonshowdown.com/js/replay-embed.js?version'+daily+'"></'+'script>');
</script>
