<!DOCTYPE html>
<meta charset="utf-8" />
<!-- version 1 -->
<title>[Gen 9] NatDex Draft replay: KayaniAso vs. soapyboogas</title>
<style>
html,body {font-family:Verdana, sans-serif;font-size:10pt;margin:0;padding:0;}body{padding:12px 0;} .battle-log {font-family:Verdana, sans-serif;font-size:10pt;} .battle-log-inline {border:1px solid #AAAAAA;background:#EEF2F5;color:black;max-width:640px;margin:0 auto 80px;padding-bottom:5px;} .battle-log .inner {padding:4px 8px 0px 8px;} .battle-log .inner-preempt {padding:0 8px 4px 8px;} .battle-log .inner-after {margin-top:0.5em;} .battle-log h2 {margin:0.5em -8px;padding:4px 8px;border:1px solid #AAAAAA;background:#E0E7EA;border-left:0;border-right:0;font-family:Verdana, sans-serif;font-size:13pt;} .battle-log .chat {vertical-align:middle;padding:3px 0 3px 0;font-size:8pt;} .battle-log .chat strong {color:#40576A;} .battle-log .chat em {padding:1px 4px 1px 3px;color:#000000;font-style:normal;} .chat.mine {background:rgba(0,0,0,0.05);margin-left:-8px;margin-right:-8px;padding-left:8px;padding-right:8px;} .spoiler {color:#BBBBBB;background:#BBBBBB;padding:0px 3px;} .spoiler:hover, .spoiler:active, .spoiler-shown {color:#000000;background:#E2E2E2;padding:0px 3px;} .spoiler a {color:#BBBBBB;} .spoiler:hover a, .spoiler:active a, .spoiler-shown a {color:#2288CC;} .chat code, .chat .spoiler:hover code, .chat .spoiler:active code, .chat .spoiler-shown code {border:1px solid #C0C0C0;background:#EEEEEE;color:black;padding:0 2px;} .chat .spoiler code {border:1px solid #CCCCCC;background:#CCCCCC;color:#CCCCCC;} .battle-log .rated {padding:3px 4px;} .battle-log .rated strong {color:white;background:#89A;padding:1px 4px;border-radius:4px;} .spacer {margin-top:0.5em;} .message-announce {background:#6688AA;color:white;padding:1px 4px 2px;} .message-announce a, .broadcast-green a, .broadcast-blue a, .broadcast-red a {color:#DDEEFF;} .broadcast-green {background-color:#559955;color:white;padding:2px 4px;} .broadcast-blue {background-color:#6688AA;color:white;padding:2px 4px;} .infobox {border:1px solid #6688AA;padding:2px 4px;} .infobox-limited {max-height:200px;overflow:auto;overflow-x:hidden;} .broadcast-red {background-color:#AA5544;color:white;padding:2px 4px;} .message-learn-canlearn {font-weight:bold;color:#228822;text-decoration:underline;} .message-learn-cannotlearn {font-weight:bold;color:#CC2222;text-decoration:underline;} .message-effect-weak {font-weight:bold;color:#CC2222;} .message-effect-resist {font-weight:bold;color:#6688AA;} .message-effect-immune {font-weight:bold;color:#666666;} .message-learn-list {margin-top:0;margin-bottom:0;} .message-throttle-notice, .message-error {color:#992222;} .message-overflow, .chat small.message-overflow {font-size:0pt;} .message-overflow::before {font-size:9pt;content:'...';} .subtle {color:#3A4A66;}
</style>
<div class="wrapper replay-wrapper" style="max-width:1180px;margin:0 auto">
<input type="hidden" name="replayid" value="gen9natdexdraft-2345896602" />
<div class="battle"></div><div class="battle-log"></div><div class="replay-controls"></div><div class="replay-controls-2"></div>
<h1 style="font-weight:normal;text-align:center"><strong>[Gen 9] NatDex Draft</strong><br /><a href="http://pokemonshowdown.com/users/kayaniaso" class="subtle" target="_blank">KayaniAso</a> vs. <a href="http://pokemonshowdown.com/users/soapyboogas" class="subtle" target="_blank">soapyboogas</a></h1>
<script type="text/plain" class="battle-log-data">
|j|☆KayaniAso
|j|☆soapyboogas
|t:|1745024997
|gametype|singles
|player|p1|KayaniAso|benga|
|player|p2|soapyboogas|266|
|teamsize|p1|6
|teamsize|p2|6
|gen|9
|tier|[Gen 9] NatDex Draft
|rule|Sleep Clause Mod: Limit one foe put to sleep
|rule|OHKO Clause: OHKO moves are banned
|rule|Evasion Clause: Evasion abilities, items, and moves are banned
|rule|Evasion Abilities Clause: Evasion abilities are banned
|rule|Evasion Items Clause: Evasion items are banned
|rule|Evasion Moves Clause: Evasion moves are banned
|rule|Endless Battle Clause: Forcing endless battles is banned
|rule|HP Percentage Mod: HP is shown in percentages
|clearpoke
|poke|p1|Araquanid, M|
|poke|p1|Mandibuzz, F|
|poke|p1|Flareon, F|
|poke|p1|Eelektross, M|
|poke|p1|Metagross|
|poke|p1|Iron Valiant|
|poke|p2|Lopunny, M|
|poke|p2|Tapu Fini|
|poke|p2|Gholdengo|
|poke|p2|Slowking-Galar, M|
|poke|p2|Flygon, M|
|poke|p2|Glaceon, M|
|teampreview
|c|☆KayaniAso|GL hf
|c|☆soapyboogas|glhf!
|
|t:|1745025057
|start
|switch|p1a: Rocotillo|Araquanid, M|100\/100
|switch|p2a: Ruby|Lopunny, M, shiny|100\/100
|turn|1
|
|t:|1745025076
|switch|p1a: Serrano|Mandibuzz, F|100\/100
|detailschange|p2a: Ruby|Lopunny-Mega, M, shiny
|-mega|p2a: Ruby|Lopunny|Lopunnite
|move|p2a: Ruby|Fake Out|p1a: Serrano
|-damage|p1a: Serrano|83\/100
|-ability|p1a: Serrano|Weak Armor|boost
|-unboost|p1a: Serrano|def|1
|-boost|p1a: Serrano|spe|2
|
|upkeep
|turn|2
|c|☆KayaniAso|Hello there
|
|t:|1745025149
|move|p1a: Serrano|Brave Bird|p2a: Ruby
|-supereffective|p2a: Ruby
|-crit|p2a: Ruby
|-damage|p2a: Ruby|0 fnt
|faint|p2a: Ruby
|-damage|p1a: Serrano|58\/100|[from] Recoil
|
|upkeep
|c|☆soapyboogas|bello!
|
|t:|1745025161
|switch|p2a: shouldbeabug|Flygon, M|100\/100
|turn|3
|
|t:|1745025233
|switch|p1a: Rocotillo|Araquanid, M|100\/100
|move|p2a: shouldbeabug|Stealth Rock|p1a: Rocotillo
|-sidestart|p1: KayaniAso|move: Stealth Rock
|
|upkeep
|turn|4
|
|t:|1745025243
|move|p1a: Rocotillo|Infestation|p2a: shouldbeabug
|-damage|p2a: shouldbeabug|96\/100
|-activate|p2a: shouldbeabug|move: Infestation|[of] p1a: Rocotillo
|move|p2a: shouldbeabug|Dragon Tail|p1a: Rocotillo
|-damage|p1a: Rocotillo|75\/100
|drag|p1a: Komodo|Eelektross, M|100\/100
|-damage|p1a: Komodo|88\/100|[from] Stealth Rock
|
|-heal|p2a: shouldbeabug|100\/100|[from] item: Leftovers
|-heal|p1a: Komodo|94\/100|[from] item: Leftovers
|-end|p2a: shouldbeabug|Infestation|[partiallytrapped]|[silent]
|upkeep
|turn|5
|
|t:|1745025256
|move|p2a: shouldbeabug|U-turn|p1a: Komodo
|-crit|p1a: Komodo
|-damage|p1a: Komodo|66\/100
|j| Astro Rifk
|
|t:|1745025263
|switch|p2a: Jeff|Slowking-Galar, M|100\/100|[from] U-turn
|move|p1a: Komodo|Knock Off|p2a: Jeff
|-supereffective|p2a: Jeff
|-damage|p2a: Jeff|58\/100
|-enditem|p2a: Jeff|Shuca Berry|[from] move: Knock Off|[of] p1a: Komodo
|
|-heal|p1a: Komodo|72\/100|[from] item: Leftovers
|upkeep
|turn|6
|
|t:|1745025278
|move|p1a: Komodo|Coil|p1a: Komodo
|-boost|p1a: Komodo|atk|1
|-boost|p1a: Komodo|def|1
|-boost|p1a: Komodo|accuracy|1
|-prepare|p2a: Jeff|Chilly Reception|[premajor]
|move|p2a: Jeff|Chilly Reception|p2a: Jeff
|-weather|Snowscape
|
|t:|1745025285
|switch|p2a: shouldbeabug|Flygon, M|100\/100|[from] Chilly Reception
|
|-weather|Snowscape|[upkeep]
|-heal|p1a: Komodo|78\/100|[from] item: Leftovers
|upkeep
|turn|7
|
|t:|1745025329
|move|p1a: Komodo|Drain Punch|p2a: shouldbeabug
|-damage|p2a: shouldbeabug|75\/100
|-heal|p1a: Komodo|91\/100|[from] drain|[of] p2a: shouldbeabug
|move|p2a: shouldbeabug|Dragon Tail|p1a: Komodo
|-damage|p1a: Komodo|75\/100
|drag|p1a: Serrano|Mandibuzz, F|58\/100
|
|-weather|Snowscape|[upkeep]
|-heal|p2a: shouldbeabug|81\/100|[from] item: Leftovers
|upkeep
|turn|8
|
|t:|1745025351
|move|p2a: shouldbeabug|U-turn|p1a: Serrano
|-damage|p1a: Serrano|43\/100
|-ability|p1a: Serrano|Weak Armor|boost
|-unboost|p1a: Serrano|def|1
|-boost|p1a: Serrano|spe|2
|
|t:|1745025357
|switch|p2a: Violette|Tapu Fini|100\/100|[from] U-turn
|-fieldstart|move: Misty Terrain|[from] ability: Misty Surge|[of] p2a: Violette
|move|p1a: Serrano|Roost|p1a: Serrano
|-heal|p1a: Serrano|94\/100
|-singleturn|p1a: Serrano|move: Roost
|
|-weather|Snowscape|[upkeep]
|upkeep
|turn|9
|
|t:|1745025369
|move|p1a: Serrano|Defog|p2a: Violette
|-unboost|p2a: Violette|evasion|1
|-sideend|p1: KayaniAso|Stealth Rock|[from] move: Defog|[of] p1a: Serrano
|-fieldend|Misty Terrain
|move|p2a: Violette|Iron Defense|p2a: Violette
|-boost|p2a: Violette|def|2
|
|-weather|Snowscape|[upkeep]
|upkeep
|turn|10
|
|t:|1745025377
|move|p1a: Serrano|U-turn|p2a: Violette
|-resisted|p2a: Violette
|-damage|p2a: Violette|98\/100
|
|t:|1745025380
|switch|p1a: Rocotillo|Araquanid, M|75\/100|[from] U-turn
|move|p2a: Violette|Iron Defense|p2a: Violette
|-boost|p2a: Violette|def|2
|
|-weather|none
|-heal|p2a: Violette|100\/100|[from] item: Leftovers
|-heal|p1a: Rocotillo|81\/100|[from] item: Leftovers
|upkeep
|turn|11
|
|t:|1745025394
|switch|p2a: shouldbeabug|Flygon, M|81\/100
|move|p1a: Rocotillo|Toxic|p2a: shouldbeabug
|-status|p2a: shouldbeabug|tox
|
|-heal|p2a: shouldbeabug|87\/100 tox|[from] item: Leftovers
|-heal|p1a: Rocotillo|87\/100|[from] item: Leftovers
|-damage|p2a: shouldbeabug|81\/100 tox|[from] psn
|upkeep
|turn|12
|
|t:|1745025410
|move|p2a: shouldbeabug|U-turn|p1a: Rocotillo
|-damage|p1a: Rocotillo|66\/100
|
|t:|1745025413
|switch|p2a: Jeff|Slowking-Galar, M|91\/100|[from] U-turn
|move|p1a: Rocotillo|Crunch|p2a: Jeff
|-supereffective|p2a: Jeff
|-damage|p2a: Jeff|63\/100
|
|-heal|p1a: Rocotillo|72\/100|[from] item: Leftovers
|upkeep
|turn|13
|
|t:|1745025427
|move|p1a: Rocotillo|Infestation|p2a: Jeff
|-damage|p2a: Jeff|60\/100
|-activate|p2a: Jeff|move: Infestation|[of] p1a: Rocotillo
|move|p2a: Jeff|Future Sight|p1a: Rocotillo
|-start|p2a: Jeff|move: Future Sight
|
|-heal|p1a: Rocotillo|78\/100|[from] item: Leftovers
|-damage|p2a: Jeff|47\/100|[from] move: Infestation|[partiallytrapped]
|upkeep
|turn|14
|
|t:|1745025436
|move|p1a: Rocotillo|Crunch|p2a: Jeff
|-supereffective|p2a: Jeff
|-damage|p2a: Jeff|21\/100
|-prepare|p2a: Jeff|Chilly Reception|[premajor]
|move|p2a: Jeff|Chilly Reception|p2a: Jeff
|-weather|Snowscape
|
|t:|1745025516
|switch|p2a: Ice King|Glaceon, M|100\/100|[from] Chilly Reception
|
|-weather|Snowscape|[upkeep]
|-heal|p1a: Rocotillo|85\/100|[from] item: Leftovers
|upkeep
|turn|15
|
|t:|1745025526
|move|p2a: Ice King|Freeze-Dry|p1a: Rocotillo
|-supereffective|p1a: Rocotillo
|-damage|p1a: Rocotillo|33\/100
|move|p1a: Rocotillo|Toxic|p2a: Ice King
|-status|p2a: Ice King|tox
|
|-weather|Snowscape|[upkeep]
|-end|p1a: Rocotillo|move: Future Sight
|-damage|p1a: Rocotillo|0 fnt
|faint|p1a: Rocotillo
|-damage|p2a: Ice King|94\/100 tox|[from] psn
|upkeep
|
|t:|1745025536
|switch|p1a: Labuyo|Flareon, F, shiny|100\/100
|turn|16
|
|t:|1745025556
|switch|p2a: shouldbeabug|Flygon, M|81\/100 tox
|-terastallize|p1a: Labuyo|Ice
|move|p1a: Labuyo|Trailblaze|p2a: shouldbeabug
|-damage|p2a: shouldbeabug|64\/100 tox
|-boost|p1a: Labuyo|spe|1
|
|-weather|Snowscape|[upkeep]
|-heal|p2a: shouldbeabug|70\/100 tox|[from] item: Leftovers
|-damage|p2a: shouldbeabug|64\/100 tox|[from] psn
|-status|p1a: Labuyo|brn|[from] item: Flame Orb
|upkeep
|turn|17
|
|t:|1745025580
|move|p1a: Labuyo|Facade|p2a: shouldbeabug
|-damage|p2a: shouldbeabug|0 fnt
|faint|p2a: shouldbeabug
|
|-weather|Snowscape|[upkeep]
|-damage|p1a: Labuyo|94\/100 brn|[from] brn
|upkeep
|
|t:|1745025606
|switch|p2a: Chicken Joe|Gholdengo|100\/100
|-item|p2a: Chicken Joe|Air Balloon
|turn|18
|
|t:|1745025610
|move|p1a: Labuyo|Bite|p2a: Chicken Joe
|-supereffective|p2a: Chicken Joe
|-damage|p2a: Chicken Joe|45\/100
|-enditem|p2a: Chicken Joe|Air Balloon
|cant|p2a: Chicken Joe|flinch
|
|-weather|none
|-damage|p1a: Labuyo|88\/100 brn|[from] brn
|upkeep
|turn|19
|c|☆soapyboogas|wow
|c|☆soapyboogas|that sucks
|c| Astro Rifk|BITE?
|c|☆KayaniAso|Yessir
|
|t:|1745025651
|switch|p2a: Jeff|Slowking-Galar, M|54\/100
|move|p1a: Labuyo|Bite|p2a: Jeff
|-supereffective|p2a: Jeff
|-damage|p2a: Jeff|0 fnt
|faint|p2a: Jeff
|
|-damage|p1a: Labuyo|82\/100 brn|[from] brn
|upkeep
|
|t:|1745025660
|switch|p2a: Violette|Tapu Fini|100\/100
|-fieldstart|move: Misty Terrain|[from] ability: Misty Surge|[of] p2a: Violette
|turn|20
|
|t:|1745025665
|move|p1a: Labuyo|Facade|p2a: Violette
|-damage|p2a: Violette|43\/100
|move|p2a: Violette|Iron Defense|p2a: Violette
|-boost|p2a: Violette|def|2
|
|-heal|p2a: Violette|49\/100|[from] item: Leftovers
|-damage|p1a: Labuyo|75\/100 brn|[from] brn
|upkeep
|turn|21
|
|t:|1745025679
|move|p1a: Labuyo|Facade|p2a: Violette
|-damage|p2a: Violette|23\/100
|move|p2a: Violette|Iron Defense|p2a: Violette
|-boost|p2a: Violette|def|2
|
|-heal|p2a: Violette|29\/100|[from] item: Leftovers
|-damage|p1a: Labuyo|69\/100 brn|[from] brn
|upkeep
|turn|22
|j| rdgdom
|
|t:|1745025684
|move|p1a: Labuyo|Facade|p2a: Violette
|-damage|p2a: Violette|8\/100
|move|p2a: Violette|Draining Kiss|p1a: Labuyo
|-damage|p1a: Labuyo|49\/100 brn
|-heal|p2a: Violette|20\/100|[from] drain|[of] p1a: Labuyo
|
|-heal|p2a: Violette|26\/100|[from] item: Leftovers
|-damage|p1a: Labuyo|43\/100 brn|[from] brn
|upkeep
|turn|23
|
|t:|1745025692
|move|p1a: Labuyo|Facade|p2a: Violette
|-damage|p2a: Violette|6\/100
|move|p2a: Violette|Draining Kiss|p1a: Labuyo
|-damage|p1a: Labuyo|22\/100 brn
|-heal|p2a: Violette|19\/100|[from] drain|[of] p1a: Labuyo
|
|-heal|p2a: Violette|25\/100|[from] item: Leftovers
|-damage|p1a: Labuyo|16\/100 brn|[from] brn
|upkeep
|turn|24
|
|t:|1745025721
|move|p1a: Labuyo|Flare Blitz|p2a: Violette
|-resisted|p2a: Violette
|-damage|p2a: Violette|12\/100
|-damage|p1a: Labuyo|10\/100 brn|[from] Recoil
|move|p2a: Violette|Draining Kiss|p1a: Labuyo
|-damage|p1a: Labuyo|0 fnt
|-heal|p2a: Violette|18\/100|[from] drain|[of] p1a: Labuyo
|faint|p1a: Labuyo
|
|-heal|p2a: Violette|24\/100|[from] item: Leftovers
|-fieldend|Misty Terrain
|upkeep
|
|t:|1745025730
|switch|p1a: Carolina|Iron Valiant|100\/100
|-enditem|p1a: Carolina|Booster Energy
|-activate|p1a: Carolina|ability: Quark Drive|[fromitem]
|-start|p1a: Carolina|quarkdrivespe
|turn|25
|
|t:|1745025736
|move|p1a: Carolina|Thunderbolt|p2a: Violette
|-supereffective|p2a: Violette
|-damage|p2a: Violette|0 fnt
|faint|p2a: Violette
|
|upkeep
|
|t:|1745025741
|switch|p2a: Ice King|Glaceon, M|94\/100 tox
|turn|26
|
|t:|1745025748
|-terastallize|p2a: Ice King|Bug
|move|p1a: Carolina|Close Combat|p2a: Ice King
|-resisted|p2a: Ice King
|-damage|p2a: Ice King|68\/100 tox
|-unboost|p1a: Carolina|def|1
|-unboost|p1a: Carolina|spd|1
|move|p2a: Ice King|Freeze-Dry|p1a: Carolina
|-crit|p1a: Carolina
|-damage|p1a: Carolina|0 fnt
|faint|p1a: Carolina
|-end|p1a: Carolina|Quark Drive|[silent]
|
|-damage|p2a: Ice King|62\/100 tox|[from] psn
|upkeep
|c|☆KayaniAso|Ooooo
|c|☆KayaniAso|Tera bug
|l| rdgdom
|
|t:|1745025777
|switch|p1a: Komodo|Eelektross, M|75\/100
|turn|27
|j| rdgdom
|
|t:|1745025792
|move|p2a: Ice King|Wish|p2a: Ice King
|move|p1a: Komodo|Supercell Slam|p2a: Ice King
|-damage|p2a: Ice King|28\/100 tox
|
|-heal|p1a: Komodo|82\/100|[from] item: Leftovers
|-damage|p2a: Ice King|16\/100 tox|[from] psn
|upkeep
|turn|28
|j| 5W466Y.exe
|
|t:|1745025800
|move|p2a: Ice King|Protect|p2a: Ice King
|-singleturn|p2a: Ice King|Protect
|move|p1a: Komodo|Coil|p1a: Komodo
|-boost|p1a: Komodo|atk|1
|-boost|p1a: Komodo|def|1
|-boost|p1a: Komodo|accuracy|1
|
|-heal|p2a: Ice King|66\/100 tox|[from] move: Wish|[wisher] Ice King
|-heal|p1a: Komodo|88\/100|[from] item: Leftovers
|-damage|p2a: Ice King|48\/100 tox|[from] psn
|upkeep
|turn|29
|
|t:|1745025810
|move|p2a: Ice King|Freeze-Dry|p1a: Komodo
|-damage|p1a: Komodo|63\/100
|move|p1a: Komodo|Supercell Slam|p2a: Ice King
|-damage|p2a: Ice King|0 fnt
|faint|p2a: Ice King
|
|-heal|p1a: Komodo|69\/100|[from] item: Leftovers
|upkeep
|
|t:|1745025816
|switch|p2a: Chicken Joe|Gholdengo|45\/100
|turn|30
|
|t:|1745025819
|move|p2a: Chicken Joe|Recover|p2a: Chicken Joe
|-heal|p2a: Chicken Joe|95\/100
|move|p1a: Komodo|Knock Off|p2a: Chicken Joe
|-supereffective|p2a: Chicken Joe
|-damage|p2a: Chicken Joe|55\/100
|
|-heal|p1a: Komodo|75\/100|[from] item: Leftovers
|upkeep
|turn|31
|
|t:|1745025830
|move|p2a: Chicken Joe|Shadow Ball|p1a: Komodo
|-damage|p1a: Komodo|45\/100
|move|p1a: Komodo|Knock Off|p2a: Chicken Joe
|-supereffective|p2a: Chicken Joe
|-damage|p2a: Chicken Joe|14\/100
|
|-heal|p1a: Komodo|51\/100|[from] item: Leftovers
|upkeep
|turn|32
|
|t:|1745025839
|move|p2a: Chicken Joe|Recover|p2a: Chicken Joe
|-heal|p2a: Chicken Joe|64\/100
|move|p1a: Komodo|Knock Off|p2a: Chicken Joe
|-supereffective|p2a: Chicken Joe
|-damage|p2a: Chicken Joe|25\/100
|
|-heal|p1a: Komodo|58\/100|[from] item: Leftovers
|upkeep
|turn|33
|
|t:|1745025849
|move|p2a: Chicken Joe|Shadow Ball|p1a: Komodo
|-crit|p1a: Komodo
|-damage|p1a: Komodo|10\/100
|move|p1a: Komodo|Knock Off|p2a: Chicken Joe
|-supereffective|p2a: Chicken Joe
|-damage|p2a: Chicken Joe|0 fnt
|faint|p2a: Chicken Joe
|
|win|KayaniAso
|c|☆soapyboogas|gg!
|c|☆KayaniAso|Ggs man
|c|☆soapyboogas|well played
|c|☆KayaniAso|Loved the Tera bug play there
|c|☆KayaniAso|Thanks you too man

</script>
</div>
<div class="battle-log battle-log-inline"><div class="inner"><div class="battle-options"></div><div class="inner message-log"><div class="chat"><small>☆KayaniAso and ☆soapyboogas joined</small></div><div class=""><small>Format:</small> <br><strong>[Gen 9] NatDex Draft</strong></div><div class=""><small><em>Sleep Clause Mod:</em> Limit one foe put to sleep</small></div><div class=""><small><em>OHKO Clause:</em> OHKO moves are banned</small></div><div class=""><small><em>Evasion Clause:</em> Evasion abilities, items, and moves are banned</small></div><div class=""><small><em>Evasion Abilities Clause:</em> Evasion abilities are banned</small></div><div class=""><small><em>Evasion Items Clause:</em> Evasion items are banned</small></div><div class=""><small><em>Evasion Moves Clause:</em> Evasion moves are banned</small></div><div class=""><small><em>Endless Battle Clause:</em> Forcing endless battles is banned</small></div><div class=""><small><em>HP Percentage Mod:</em> HP is shown in percentages</small></div><div class="chat battle-history"><strong>KayaniAso's team:</strong> <em style="color:#445566;display:block;">Araquanid / Mandibuzz / Flareon / Eelektross / Metagross / Iron Valiant</em></div><div class="chat battle-history"><strong>soapyboogas's team:</strong> <em style="color:#445566;display:block;">Lopunny / Tapu Fini / Gholdengo / Slowking-Galar / Flygon / Glaceon</em></div><div class="chat chatmessage-kayaniaso"><strong style="color:#3b74a5"><small class="groupsymbol">☆</small><span class="username">KayaniAso</span>:</strong> <em>GL hf</em></div><div class="chat chatmessage-soapyboogas"><strong style="color:#be4b66"><small class="groupsymbol">☆</small><span class="username">soapyboogas</span>:</strong> <em>glhf!</em></div><div class="spacer battle-history"><br></div><div class="battle-history">Battle started between KayaniAso and soapyboogas!<br></div><div class="spacer battle-history"><br></div><div class="battle-history">Go! Rocotillo (<strong>Araquanid</strong>)!<br></div><div class="spacer battle-history"><br></div><div class="battle-history">soapyboogas sent out Ruby (<strong>Lopunny</strong>)!<br></div><div class="spacer battle-history"><br></div><h2 class="battle-history">Turn 1</h2><div class="spacer battle-history"><br></div><div class="battle-history">Rocotillo, come back!<br></div><div class="battle-history">Go! Serrano (<strong>Mandibuzz</strong>)!<br></div><div class="spacer battle-history"><br></div><div class="battle-history"><small>The opposing Ruby's Lopunnite is reacting to the Key Stone!</small><br>The opposing Ruby has Mega Evolved into Mega Lopunny!<br></div><div class="spacer battle-history"><br></div><div class="battle-history">The opposing Ruby used <strong>Fake Out</strong>!<br></div><div class="battle-history"><small>(Serrano lost 17% of its health!)</small><br></div><div class="battle-history">[Serrano's Weak Armor]<br></div><div class="battle-history"><small>Serrano's Defense fell!</small><br></div><div class="battle-history"><small>Serrano's Speed rose sharply!</small><br></div><div class="spacer battle-history"><br></div><h2 class="battle-history">Turn 2</h2><div class="chat chatmessage-kayaniaso"><strong style="color:#3b74a5"><small class="groupsymbol">☆</small><span class="username">KayaniAso</span>:</strong> <em>Hello there</em></div><div class="spacer battle-history"><br></div><div class="battle-history">Serrano used <strong>Brave Bird</strong>!<br></div><div class="battle-history"><small>It's super effective!</small><br></div><div class="battle-history"><small>A critical hit!</small><br></div><div class="battle-history"><small>(The opposing Ruby lost 100% of its health!)</small><br></div><div class="spacer battle-history"><br></div><div class="battle-history">The opposing Ruby fainted!<br></div><div class="battle-history"><small>Serrano was damaged by the recoil!</small><br></div><div class="chat chatmessage-soapyboogas"><strong style="color:#be4b66"><small class="groupsymbol">☆</small><span class="username">soapyboogas</span>:</strong> <em>bello!</em></div><div class="spacer battle-history"><br></div><div class="battle-history">soapyboogas sent out shouldbeabug (<strong>Flygon</strong>)!<br></div><div class="spacer battle-history"><br></div><h2 class="battle-history">Turn 3</h2><div class="spacer battle-history"><br></div><div class="battle-history">Serrano, come back!<br></div><div class="battle-history">Go! Rocotillo (<strong>Araquanid</strong>)!<br></div><div class="spacer battle-history"><br></div><div class="battle-history">The opposing shouldbeabug used <strong>Stealth Rock</strong>!<br></div><div class="battle-history"><small>Pointed stones float in the air around your team!</small><br></div><div class="spacer battle-history"><br></div><h2 class="battle-history">Turn 4</h2><div class="spacer battle-history"><br></div><div class="battle-history">Rocotillo used <strong>Infestation</strong>!<br></div><div class="battle-history"><small>(The opposing shouldbeabug lost 4% of its health!)</small><br></div><div class="battle-history"><small>The opposing shouldbeabug has been afflicted with an infestation by Rocotillo!</small><br></div><div class="spacer battle-history"><br></div><div class="battle-history">The opposing shouldbeabug used <strong>Dragon Tail</strong>!<br></div><div class="battle-history"><small>(Rocotillo lost 25% of its health!)</small><br></div><div class="spacer battle-history"><br></div><div class="battle-history">Komodo (<strong>Eelektross</strong>) was dragged out!<br></div><div class="battle-history"><small>Pointed stones dug into Komodo!</small><br></div><div class="spacer battle-history"><br></div><div class="battle-history"><small>The opposing shouldbeabug restored a little HP using its Leftovers!</small><br></div><div class="battle-history"><small>Komodo restored a little HP using its Leftovers!</small><br></div><div class="spacer battle-history"><br></div><h2 class="battle-history">Turn 5</h2><div class="spacer battle-history"><br></div><div class="battle-history">The opposing shouldbeabug used <strong>U-turn</strong>!<br></div><div class="battle-history"><small>A critical hit!</small><br></div><div class="battle-history"><small>(Komodo lost 28% of its health!)</small><br></div><div class="chat"><small> Astro Rifk joined</small></div><div class="spacer battle-history"><br></div><div class="battle-history">The opposing shouldbeabug went back to soapyboogas!<br></div><div class="battle-history">soapyboogas sent out Jeff (<strong>Slowking-Galar</strong>)!<br></div><div class="spacer battle-history"><br></div><div class="battle-history">Komodo used <strong>Knock Off</strong>!<br></div><div class="battle-history"><small>It's super effective!</small><br></div><div class="battle-history"><small>(The opposing Jeff lost 42% of its health!)</small><br></div><div class="battle-history"><small>Komodo knocked off the opposing Jeff's Shuca Berry!</small><br></div><div class="spacer battle-history"><br></div><div class="battle-history"><small>Komodo restored a little HP using its Leftovers!</small><br></div><div class="spacer battle-history"><br></div><h2 class="battle-history">Turn 6</h2><div class="spacer battle-history"><br></div><div class="battle-history">Komodo used <strong>Coil</strong>!<br></div><div class="battle-history"><small>Komodo's Attack rose!</small><br></div><div class="battle-history"><small>Komodo's Defense rose!</small><br></div><div class="battle-history"><small>Komodo's accuracy rose!</small><br></div><div class="spacer battle-history"><br></div><div class="battle-history"><small>The opposing Jeff is preparing to tell a chillingly bad joke!</small><br></div><div class="battle-history">The opposing Jeff used <strong>Chilly Reception</strong>!<br></div><div class="battle-history"><small>It started to snow!</small><br></div><div class="spacer battle-history"><br></div><div class="battle-history">soapyboogas withdrew Jeff!<br></div><div class="battle-history">soapyboogas sent out shouldbeabug (<strong>Flygon</strong>)!<br></div><div class="spacer battle-history"><br></div><div class="battle-history"><small>(The snow is falling down.)</small><br></div><div class="battle-history"><small>Komodo restored a little HP using its Leftovers!</small><br></div><div class="spacer battle-history"><br></div><h2 class="battle-history">Turn 7</h2><div class="spacer battle-history"><br></div><div class="battle-history">Komodo used <strong>Drain Punch</strong>!<br></div><div class="battle-history"><small>(The opposing shouldbeabug lost 25% of its health!)</small><br></div><div class="battle-history"><small>The opposing shouldbeabug had its energy drained!</small><br></div><div class="spacer battle-history"><br></div><div class="battle-history">The opposing shouldbeabug used <strong>Dragon Tail</strong>!<br></div><div class="battle-history"><small>(Komodo lost 16% of its health!)</small><br></div><div class="spacer battle-history"><br></div><div class="battle-history">Serrano (<strong>Mandibuzz</strong>) was dragged out!<br></div><div class="spacer battle-history"><br></div><div class="battle-history"><small>(The snow is falling down.)</small><br></div><div class="battle-history"><small>The opposing shouldbeabug restored a little HP using its Leftovers!</small><br></div><div class="spacer battle-history"><br></div><h2 class="battle-history">Turn 8</h2><div class="spacer battle-history"><br></div><div class="battle-history">The opposing shouldbeabug used <strong>U-turn</strong>!<br></div><div class="battle-history"><small>(Serrano lost 15% of its health!)</small><br></div><div class="battle-history">[Serrano's Weak Armor]<br></div><div class="battle-history"><small>Serrano's Defense fell!</small><br></div><div class="battle-history"><small>Serrano's Speed rose sharply!</small><br></div><div class="spacer battle-history"><br></div><div class="battle-history">The opposing shouldbeabug went back to soapyboogas!<br></div><div class="battle-history">soapyboogas sent out Violette (<strong>Tapu Fini</strong>)!<br></div><div class="battle-history">[The opposing Violette's Misty Surge]<br><small>Mist swirled around the battlefield!</small><br></div><div class="spacer battle-history"><br></div><div class="battle-history">Serrano used <strong>Roost</strong>!<br></div><div class="battle-history"><small>Serrano had its HP restored.</small><br></div><div class="battle-history"><small>(Serrano loses Flying type this turn.)</small><br></div><div class="spacer battle-history"><br></div><div class="battle-history"><small>(The snow is falling down.)</small><br></div><div class="spacer battle-history"><br></div><h2 class="battle-history">Turn 9</h2><div class="spacer battle-history"><br></div><div class="battle-history">Serrano used <strong>Defog</strong>!<br></div><div class="battle-history"><small>The opposing Violette's evasiveness fell!</small><br></div><div class="battle-history"><small>The pointed stones disappeared from around your team!</small><br></div><div class="battle-history"><small>The mist disappeared from the battlefield.</small><br></div><div class="spacer battle-history"><br></div><div class="battle-history">The opposing Violette used <strong>Iron Defense</strong>!<br></div><div class="battle-history"><small>The opposing Violette's Defense rose sharply!</small><br></div><div class="spacer battle-history"><br></div><div class="battle-history"><small>(The snow is falling down.)</small><br></div><div class="spacer battle-history"><br></div><h2 class="battle-history">Turn 10</h2><div class="spacer battle-history"><br></div><div class="battle-history">Serrano used <strong>U-turn</strong>!<br></div><div class="battle-history"><small>It's not very effective...</small><br></div><div class="battle-history"><small>(The opposing Violette lost 2% of its health!)</small><br></div><div class="spacer battle-history"><br></div><div class="battle-history">Serrano went back to KayaniAso!<br></div><div class="battle-history">Go! Rocotillo (<strong>Araquanid</strong>)!<br></div><div class="spacer battle-history"><br></div><div class="battle-history">The opposing Violette used <strong>Iron Defense</strong>!<br></div><div class="battle-history"><small>The opposing Violette's Defense rose sharply!</small><br></div><div class="spacer battle-history"><br></div><div class="battle-history"><small>The snow stopped.</small><br></div><div class="battle-history"><small>The opposing Violette restored a little HP using its Leftovers!</small><br></div><div class="battle-history"><small>Rocotillo restored a little HP using its Leftovers!</small><br></div><div class="spacer battle-history"><br></div><h2 class="battle-history">Turn 11</h2><div class="spacer battle-history"><br></div><div class="battle-history">soapyboogas withdrew Violette!<br></div><div class="battle-history">soapyboogas sent out shouldbeabug (<strong>Flygon</strong>)!<br></div><div class="spacer battle-history"><br></div><div class="battle-history">Rocotillo used <strong>Toxic</strong>!<br></div><div class="battle-history"><small>The opposing shouldbeabug was badly poisoned!</small><br></div><div class="spacer battle-history"><br></div><div class="battle-history"><small>The opposing shouldbeabug restored a little HP using its Leftovers!</small><br></div><div class="battle-history"><small>Rocotillo restored a little HP using its Leftovers!</small><br></div><div class="battle-history"><small>The opposing shouldbeabug was hurt by poison!</small><br></div><div class="spacer battle-history"><br></div><h2 class="battle-history">Turn 12</h2><div class="spacer battle-history"><br></div><div class="battle-history">The opposing shouldbeabug used <strong>U-turn</strong>!<br></div><div class="battle-history"><small>(Rocotillo lost 21% of its health!)</small><br></div><div class="spacer battle-history"><br></div><div class="battle-history">The opposing shouldbeabug went back to soapyboogas!<br></div><div class="battle-history">soapyboogas sent out Jeff (<strong>Slowking-Galar</strong>)!<br></div><div class="spacer battle-history"><br></div><div class="battle-history">Rocotillo used <strong>Crunch</strong>!<br></div><div class="battle-history"><small>It's super effective!</small><br></div><div class="battle-history"><small>(The opposing Jeff lost 28% of its health!)</small><br></div><div class="spacer battle-history"><br></div><div class="battle-history"><small>Rocotillo restored a little HP using its Leftovers!</small><br></div><div class="spacer battle-history"><br></div><h2 class="battle-history">Turn 13</h2><div class="spacer battle-history"><br></div><div class="battle-history">Rocotillo used <strong>Infestation</strong>!<br></div><div class="battle-history"><small>(The opposing Jeff lost 3% of its health!)</small><br></div><div class="battle-history"><small>The opposing Jeff has been afflicted with an infestation by Rocotillo!</small><br></div><div class="spacer battle-history"><br></div><div class="battle-history">The opposing Jeff used <strong>Future Sight</strong>!<br></div><div class="battle-history"><small>The opposing Jeff foresaw an attack!</small><br></div><div class="spacer battle-history"><br></div><div class="battle-history"><small>Rocotillo restored a little HP using its Leftovers!</small><br></div><div class="battle-history"><small>The opposing Jeff is hurt by Infestation!</small><br></div><div class="spacer battle-history"><br></div><h2 class="battle-history">Turn 14</h2><div class="spacer battle-history"><br></div><div class="battle-history">Rocotillo used <strong>Crunch</strong>!<br></div><div class="battle-history"><small>It's super effective!</small><br></div><div class="battle-history"><small>(The opposing Jeff lost 26% of its health!)</small><br></div><div class="spacer battle-history"><br></div><div class="battle-history"><small>The opposing Jeff is preparing to tell a chillingly bad joke!</small><br></div><div class="battle-history">The opposing Jeff used <strong>Chilly Reception</strong>!<br></div><div class="battle-history"><small>It started to snow!</small><br></div><div class="spacer battle-history"><br></div><div class="battle-history">soapyboogas withdrew Jeff!<br></div><div class="battle-history">soapyboogas sent out Ice King (<strong>Glaceon</strong>)!<br></div><div class="spacer battle-history"><br></div><div class="battle-history"><small>(The snow is falling down.)</small><br></div><div class="battle-history"><small>Rocotillo restored a little HP using its Leftovers!</small><br></div><div class="spacer battle-history"><br></div><h2 class="battle-history">Turn 15</h2><div class="spacer battle-history"><br></div><div class="battle-history">The opposing Ice King used <strong>Freeze-Dry</strong>!<br></div><div class="battle-history"><small>It's super effective!</small><br></div><div class="battle-history"><small>(Rocotillo lost 52% of its health!)</small><br></div><div class="spacer battle-history"><br></div><div class="battle-history">Rocotillo used <strong>Toxic</strong>!<br></div><div class="battle-history"><small>The opposing Ice King was badly poisoned!</small><br></div><div class="spacer battle-history"><br></div><div class="battle-history"><small>(The snow is falling down.)</small><br></div><div class="battle-history"><small>Rocotillo took the Future Sight attack!</small><br></div><div class="battle-history"><small>(Rocotillo lost 33% of its health!)</small><br></div><div class="spacer battle-history"><br></div><div class="battle-history">Rocotillo fainted!<br></div><div class="battle-history"><small>The opposing Ice King was hurt by poison!</small><br></div><div class="spacer battle-history"><br></div><div class="battle-history">Go! Labuyo (<strong>Flareon</strong>)!<br></div><div class="spacer battle-history"><br></div><h2 class="battle-history">Turn 16</h2><div class="spacer battle-history"><br></div><div class="battle-history">soapyboogas withdrew Ice King!<br></div><div class="battle-history">soapyboogas sent out shouldbeabug (<strong>Flygon</strong>)!<br></div><div class="spacer battle-history"><br></div><div class="battle-history"><small>Labuyo has Terastallized into the Ice-type!</small><br></div><div class="spacer battle-history"><br></div><div class="battle-history">Labuyo used <strong>Trailblaze</strong>!<br></div><div class="battle-history"><small>(The opposing shouldbeabug lost 17% of its health!)</small><br></div><div class="battle-history"><small>Labuyo's Speed rose!</small><br></div><div class="spacer battle-history"><br></div><div class="battle-history"><small>(The snow is falling down.)</small><br></div><div class="battle-history"><small>The opposing shouldbeabug restored a little HP using its Leftovers!</small><br></div><div class="battle-history"><small>The opposing shouldbeabug was hurt by poison!</small><br></div><div class="battle-history"><small>Labuyo was burned by the Flame Orb!</small><br></div><div class="spacer battle-history"><br></div><h2 class="battle-history">Turn 17</h2><div class="spacer battle-history"><br></div><div class="battle-history">Labuyo used <strong>Facade</strong>!<br></div><div class="battle-history"><small>(The opposing shouldbeabug lost 64% of its health!)</small><br></div><div class="spacer battle-history"><br></div><div class="battle-history">The opposing shouldbeabug fainted!<br></div><div class="spacer battle-history"><br></div><div class="battle-history"><small>(The snow is falling down.)</small><br></div><div class="battle-history"><small>Labuyo was hurt by its burn!</small><br></div><div class="spacer battle-history"><br></div><div class="battle-history">soapyboogas sent out Chicken Joe (<strong>Gholdengo</strong>)!<br></div><div class="battle-history"><small>The opposing Chicken Joe floats in the air with its Air Balloon!</small><br></div><div class="spacer battle-history"><br></div><h2 class="battle-history">Turn 18</h2><div class="spacer battle-history"><br></div><div class="battle-history">Labuyo used <strong>Bite</strong>!<br></div><div class="battle-history"><small>It's super effective!</small><br></div><div class="battle-history"><small>(The opposing Chicken Joe lost 55% of its health!)</small><br></div><div class="battle-history"><small>The opposing Chicken Joe's Air Balloon popped!</small><br></div><div class="spacer battle-history"><br></div><div class="battle-history">The opposing Chicken Joe flinched and couldn't move!<br></div><div class="spacer battle-history"><br></div><div class="battle-history"><small>The snow stopped.</small><br></div><div class="battle-history"><small>Labuyo was hurt by its burn!</small><br></div><div class="spacer battle-history"><br></div><h2 class="battle-history">Turn 19</h2><div class="chat chatmessage-soapyboogas"><strong style="color:#be4b66"><small class="groupsymbol">☆</small><span class="username">soapyboogas</span>:</strong> <em>wow</em></div><div class="chat chatmessage-soapyboogas"><strong style="color:#be4b66"><small class="groupsymbol">☆</small><span class="username">soapyboogas</span>:</strong> <em>that sucks</em></div><div class="chat chatmessage-astrorifk"><strong style="color:#226fe1"><small class="groupsymbol"> </small><span class="username">Astro Rifk</span>:</strong> <em>BITE?</em></div><div class="chat chatmessage-kayaniaso"><strong style="color:#3b74a5"><small class="groupsymbol">☆</small><span class="username">KayaniAso</span>:</strong> <em>Yessir</em></div><div class="spacer battle-history"><br></div><div class="battle-history">soapyboogas withdrew Chicken Joe!<br></div><div class="battle-history">soapyboogas sent out Jeff (<strong>Slowking-Galar</strong>)!<br></div><div class="spacer battle-history"><br></div><div class="battle-history">Labuyo used <strong>Bite</strong>!<br></div><div class="battle-history"><small>It's super effective!</small><br></div><div class="battle-history"><small>(The opposing Jeff lost 54% of its health!)</small><br></div><div class="spacer battle-history"><br></div><div class="battle-history">The opposing Jeff fainted!<br></div><div class="spacer battle-history"><br></div><div class="battle-history"><small>Labuyo was hurt by its burn!</small><br></div><div class="spacer battle-history"><br></div><div class="battle-history">soapyboogas sent out Violette (<strong>Tapu Fini</strong>)!<br></div><div class="battle-history">[The opposing Violette's Misty Surge]<br><small>Mist swirled around the battlefield!</small><br></div><div class="spacer battle-history"><br></div><h2 class="battle-history">Turn 20</h2><div class="spacer battle-history"><br></div><div class="battle-history">Labuyo used <strong>Facade</strong>!<br></div><div class="battle-history"><small>(The opposing Violette lost 57% of its health!)</small><br></div><div class="spacer battle-history"><br></div><div class="battle-history">The opposing Violette used <strong>Iron Defense</strong>!<br></div><div class="battle-history"><small>The opposing Violette's Defense rose sharply!</small><br></div><div class="spacer battle-history"><br></div><div class="battle-history"><small>The opposing Violette restored a little HP using its Leftovers!</small><br></div><div class="battle-history"><small>Labuyo was hurt by its burn!</small><br></div><div class="spacer battle-history"><br></div><h2 class="battle-history">Turn 21</h2><div class="spacer battle-history"><br></div><div class="battle-history">Labuyo used <strong>Facade</strong>!<br></div><div class="battle-history"><small>(The opposing Violette lost 26% of its health!)</small><br></div><div class="spacer battle-history"><br></div><div class="battle-history">The opposing Violette used <strong>Iron Defense</strong>!<br></div><div class="battle-history"><small>The opposing Violette's Defense rose sharply!</small><br></div><div class="spacer battle-history"><br></div><div class="battle-history"><small>The opposing Violette restored a little HP using its Leftovers!</small><br></div><div class="battle-history"><small>Labuyo was hurt by its burn!</small><br></div><div class="spacer battle-history"><br></div><h2 class="battle-history">Turn 22</h2><div class="chat"><small> rdgdom joined</small></div><div class="spacer battle-history"><br></div><div class="battle-history">Labuyo used <strong>Facade</strong>!<br></div><div class="battle-history"><small>(The opposing Violette lost 21% of its health!)</small><br></div><div class="spacer battle-history"><br></div><div class="battle-history">The opposing Violette used <strong>Draining Kiss</strong>!<br></div><div class="battle-history"><small>(Labuyo lost 20% of its health!)</small><br></div><div class="battle-history"><small>Labuyo had its energy drained!</small><br></div><div class="spacer battle-history"><br></div><div class="battle-history"><small>The opposing Violette restored a little HP using its Leftovers!</small><br></div><div class="battle-history"><small>Labuyo was hurt by its burn!</small><br></div><div class="spacer battle-history"><br></div><h2 class="battle-history">Turn 23</h2><div class="spacer battle-history"><br></div><div class="battle-history">Labuyo used <strong>Facade</strong>!<br></div><div class="battle-history"><small>(The opposing Violette lost 20% of its health!)</small><br></div><div class="spacer battle-history"><br></div><div class="battle-history">The opposing Violette used <strong>Draining Kiss</strong>!<br></div><div class="battle-history"><small>(Labuyo lost 21% of its health!)</small><br></div><div class="battle-history"><small>Labuyo had its energy drained!</small><br></div><div class="spacer battle-history"><br></div><div class="battle-history"><small>The opposing Violette restored a little HP using its Leftovers!</small><br></div><div class="battle-history"><small>Labuyo was hurt by its burn!</small><br></div><div class="spacer battle-history"><br></div><h2 class="battle-history">Turn 24</h2><div class="spacer battle-history"><br></div><div class="battle-history">Labuyo used <strong>Flare Blitz</strong>!<br></div><div class="battle-history"><small>It's not very effective...</small><br></div><div class="battle-history"><small>(The opposing Violette lost 13% of its health!)</small><br></div><div class="battle-history"><small>Labuyo was damaged by the recoil!</small><br></div><div class="spacer battle-history"><br></div><div class="battle-history">The opposing Violette used <strong>Draining Kiss</strong>!<br></div><div class="battle-history"><small>(Labuyo lost 10% of its health!)</small><br></div><div class="battle-history"><small>Labuyo had its energy drained!</small><br></div><div class="spacer battle-history"><br></div><div class="battle-history">Labuyo fainted!<br></div><div class="spacer battle-history"><br></div><div class="battle-history"><small>The opposing Violette restored a little HP using its Leftovers!</small><br></div><div class="battle-history"><small>The mist disappeared from the battlefield.</small><br></div><div class="spacer battle-history"><br></div><div class="battle-history">Go! Carolina (<strong>Iron Valiant</strong>)!<br></div><div class="battle-history"><small>(Carolina used its Booster Energy!)</small><br></div><div class="battle-history">[Carolina's Quark Drive]<br><small>Carolina used its Booster Energy to activate its Quark Drive!</small><br></div><div class="battle-history"><small>Carolina's Speed was heightened!</small><br></div><div class="spacer battle-history"><br></div><h2 class="battle-history">Turn 25</h2><div class="spacer battle-history"><br></div><div class="battle-history">Carolina used <strong>Thunderbolt</strong>!<br></div><div class="battle-history"><small>It's super effective!</small><br></div><div class="battle-history"><small>(The opposing Violette lost 24% of its health!)</small><br></div><div class="spacer battle-history"><br></div><div class="battle-history">The opposing Violette fainted!<br></div><div class="spacer battle-history"><br></div><div class="battle-history">soapyboogas sent out Ice King (<strong>Glaceon</strong>)!<br></div><div class="spacer battle-history"><br></div><h2 class="battle-history">Turn 26</h2><div class="spacer battle-history"><br></div><div class="battle-history"><small>The opposing Ice King has Terastallized into the Bug-type!</small><br></div><div class="spacer battle-history"><br></div><div class="battle-history">Carolina used <strong>Close Combat</strong>!<br></div><div class="battle-history"><small>It's not very effective...</small><br></div><div class="battle-history"><small>(The opposing Ice King lost 26% of its health!)</small><br></div><div class="battle-history"><small>Carolina's Defense fell!</small><br></div><div class="battle-history"><small>Carolina's Sp. Def fell!</small><br></div><div class="spacer battle-history"><br></div><div class="battle-history">The opposing Ice King used <strong>Freeze-Dry</strong>!<br></div><div class="battle-history"><small>A critical hit!</small><br></div><div class="battle-history"><small>(Carolina lost 100% of its health!)</small><br></div><div class="spacer battle-history"><br></div><div class="battle-history">Carolina fainted!<br></div><div class="spacer battle-history"><br></div><div class="battle-history"><small>The opposing Ice King was hurt by poison!</small><br></div><div class="chat chatmessage-kayaniaso"><strong style="color:#3b74a5"><small class="groupsymbol">☆</small><span class="username">KayaniAso</span>:</strong> <em>Ooooo</em></div><div class="chat chatmessage-kayaniaso"><strong style="color:#3b74a5"><small class="groupsymbol">☆</small><span class="username">KayaniAso</span>:</strong> <em>Tera bug</em></div><div class="chat"><small> rdgdom left</small></div><div class="spacer battle-history"><br></div><div class="battle-history">Go! Komodo (<strong>Eelektross</strong>)!<br></div><div class="spacer battle-history"><br></div><h2 class="battle-history">Turn 27</h2><div class="chat"><small> rdgdom joined</small></div><div class="spacer battle-history"><br></div><div class="battle-history">The opposing Ice King used <strong>Wish</strong>!<br></div><div class="spacer battle-history"><br></div><div class="battle-history">Komodo used <strong>Supercell Slam</strong>!<br></div><div class="battle-history"><small>(The opposing Ice King lost 34% of its health!)</small><br></div><div class="spacer battle-history"><br></div><div class="battle-history"><small>Komodo restored a little HP using its Leftovers!</small><br></div><div class="battle-history"><small>The opposing Ice King was hurt by poison!</small><br></div><div class="spacer battle-history"><br></div><h2 class="battle-history">Turn 28</h2><div class="chat"><small> 5W466Y.exe joined</small></div><div class="spacer battle-history"><br></div><div class="battle-history">The opposing Ice King used <strong>Protect</strong>!<br></div><div class="battle-history"><small>The opposing Ice King protected itself!</small><br></div><div class="spacer battle-history"><br></div><div class="battle-history">Komodo used <strong>Coil</strong>!<br></div><div class="battle-history"><small>Komodo's Attack rose!</small><br></div><div class="battle-history"><small>Komodo's Defense rose!</small><br></div><div class="battle-history"><small>Komodo's accuracy rose!</small><br></div><div class="spacer battle-history"><br></div><div class="battle-history"><small>Ice King's wish came true!</small><br></div><div class="battle-history"><small>Komodo restored a little HP using its Leftovers!</small><br></div><div class="battle-history"><small>The opposing Ice King was hurt by poison!</small><br></div><div class="spacer battle-history"><br></div><h2 class="battle-history">Turn 29</h2><div class="spacer battle-history"><br></div><div class="battle-history">The opposing Ice King used <strong>Freeze-Dry</strong>!<br></div><div class="battle-history"><small>(Komodo lost 25% of its health!)</small><br></div><div class="spacer battle-history"><br></div><div class="battle-history">Komodo used <strong>Supercell Slam</strong>!<br></div><div class="battle-history"><small>(The opposing Ice King lost 48% of its health!)</small><br></div><div class="spacer battle-history"><br></div><div class="battle-history">The opposing Ice King fainted!<br></div><div class="spacer battle-history"><br></div><div class="battle-history"><small>Komodo restored a little HP using its Leftovers!</small><br></div><div class="spacer battle-history"><br></div><div class="battle-history">soapyboogas sent out Chicken Joe (<strong>Gholdengo</strong>)!<br></div><div class="spacer battle-history"><br></div><h2 class="battle-history">Turn 30</h2><div class="spacer battle-history"><br></div><div class="battle-history">The opposing Chicken Joe used <strong>Recover</strong>!<br></div><div class="battle-history"><small>The opposing Chicken Joe had its HP restored.</small><br></div><div class="spacer battle-history"><br></div><div class="battle-history">Komodo used <strong>Knock Off</strong>!<br></div><div class="battle-history"><small>It's super effective!</small><br></div><div class="battle-history"><small>(The opposing Chicken Joe lost 40% of its health!)</small><br></div><div class="spacer battle-history"><br></div><div class="battle-history"><small>Komodo restored a little HP using its Leftovers!</small><br></div><div class="spacer battle-history"><br></div><h2 class="battle-history">Turn 31</h2><div class="spacer battle-history"><br></div><div class="battle-history">The opposing Chicken Joe used <strong>Shadow Ball</strong>!<br></div><div class="battle-history"><small>(Komodo lost 30% of its health!)</small><br></div><div class="spacer battle-history"><br></div><div class="battle-history">Komodo used <strong>Knock Off</strong>!<br></div><div class="battle-history"><small>It's super effective!</small><br></div><div class="battle-history"><small>(The opposing Chicken Joe lost 41% of its health!)</small><br></div><div class="spacer battle-history"><br></div><div class="battle-history"><small>Komodo restored a little HP using its Leftovers!</small><br></div><div class="spacer battle-history"><br></div><h2 class="battle-history">Turn 32</h2><div class="spacer battle-history"><br></div><div class="battle-history">The opposing Chicken Joe used <strong>Recover</strong>!<br></div><div class="battle-history"><small>The opposing Chicken Joe had its HP restored.</small><br></div><div class="spacer battle-history"><br></div><div class="battle-history">Komodo used <strong>Knock Off</strong>!<br></div><div class="battle-history"><small>It's super effective!</small><br></div><div class="battle-history"><small>(The opposing Chicken Joe lost 39% of its health!)</small><br></div><div class="spacer battle-history"><br></div><div class="battle-history"><small>Komodo restored a little HP using its Leftovers!</small><br></div><div class="spacer battle-history"><br></div><h2 class="battle-history">Turn 33</h2><div class="spacer battle-history"><br></div><div class="battle-history">The opposing Chicken Joe used <strong>Shadow Ball</strong>!<br></div><div class="battle-history"><small>A critical hit!</small><br></div><div class="battle-history"><small>(Komodo lost 48% of its health!)</small><br></div><div class="spacer battle-history"><br></div><div class="battle-history">Komodo used <strong>Knock Off</strong>!<br></div><div class="battle-history"><small>It's super effective!</small><br></div><div class="battle-history"><small>(The opposing Chicken Joe lost 25% of its health!)</small><br></div><div class="spacer battle-history"><br></div><div class="battle-history">The opposing Chicken Joe fainted!<br></div><div class="spacer battle-history"><br></div><div class="battle-history"><strong>KayaniAso</strong> won the battle!<br></div><div class="chat chatmessage-soapyboogas"><strong style="color:#be4b66"><small class="groupsymbol">☆</small><span class="username">soapyboogas</span>:</strong> <em>gg!</em></div><div class="chat chatmessage-kayaniaso"><strong style="color:#3b74a5"><small class="groupsymbol">☆</small><span class="username">KayaniAso</span>:</strong> <em>Ggs man</em></div><div class="chat chatmessage-soapyboogas"><strong style="color:#be4b66"><small class="groupsymbol">☆</small><span class="username">soapyboogas</span>:</strong> <em>well played</em></div><div class="chat chatmessage-kayaniaso"><strong style="color:#3b74a5"><small class="groupsymbol">☆</small><span class="username">KayaniAso</span>:</strong> <em>Loved the Tera bug play there</em></div><div class="chat chatmessage-kayaniaso"><strong style="color:#3b74a5"><small class="groupsymbol">☆</small><span class="username">KayaniAso</span>:</strong> <em>Thanks you too man</em></div></div><div class="inner-preempt message-log"></div></div></div>
</div>
<script>
let daily = Math.floor(Date.now()/1000/60/60/24);document.write('<script src="https://play.pokemonshowdown.com/js/replay-embed.js?version'+daily+'"></'+'script>');
</script>
