<!DOCTYPE html>
<meta charset="utf-8" />
<!-- version 1 -->
<title>[Gen 9] NatDex Draft replay: whamm0 vs. Worst Asset</title>
<style>
html,body {font-family:Verdana, sans-serif;font-size:10pt;margin:0;padding:0;}body{padding:12px 0;} .battle-log {font-family:Verdana, sans-serif;font-size:10pt;} .battle-log-inline {border:1px solid #AAAAAA;background:#EEF2F5;color:black;max-width:640px;margin:0 auto 80px;padding-bottom:5px;} .battle-log .inner {padding:4px 8px 0px 8px;} .battle-log .inner-preempt {padding:0 8px 4px 8px;} .battle-log .inner-after {margin-top:0.5em;} .battle-log h2 {margin:0.5em -8px;padding:4px 8px;border:1px solid #AAAAAA;background:#E0E7EA;border-left:0;border-right:0;font-family:Verdana, sans-serif;font-size:13pt;} .battle-log .chat {vertical-align:middle;padding:3px 0 3px 0;font-size:8pt;} .battle-log .chat strong {color:#40576A;} .battle-log .chat em {padding:1px 4px 1px 3px;color:#000000;font-style:normal;} .chat.mine {background:rgba(0,0,0,0.05);margin-left:-8px;margin-right:-8px;padding-left:8px;padding-right:8px;} .spoiler {color:#BBBBBB;background:#BBBBBB;padding:0px 3px;} .spoiler:hover, .spoiler:active, .spoiler-shown {color:#000000;background:#E2E2E2;padding:0px 3px;} .spoiler a {color:#BBBBBB;} .spoiler:hover a, .spoiler:active a, .spoiler-shown a {color:#2288CC;} .chat code, .chat .spoiler:hover code, .chat .spoiler:active code, .chat .spoiler-shown code {border:1px solid #C0C0C0;background:#EEEEEE;color:black;padding:0 2px;} .chat .spoiler code {border:1px solid #CCCCCC;background:#CCCCCC;color:#CCCCCC;} .battle-log .rated {padding:3px 4px;} .battle-log .rated strong {color:white;background:#89A;padding:1px 4px;border-radius:4px;} .spacer {margin-top:0.5em;} .message-announce {background:#6688AA;color:white;padding:1px 4px 2px;} .message-announce a, .broadcast-green a, .broadcast-blue a, .broadcast-red a {color:#DDEEFF;} .broadcast-green {background-color:#559955;color:white;padding:2px 4px;} .broadcast-blue {background-color:#6688AA;color:white;padding:2px 4px;} .infobox {border:1px solid #6688AA;padding:2px 4px;} .infobox-limited {max-height:200px;overflow:auto;overflow-x:hidden;} .broadcast-red {background-color:#AA5544;color:white;padding:2px 4px;} .message-learn-canlearn {font-weight:bold;color:#228822;text-decoration:underline;} .message-learn-cannotlearn {font-weight:bold;color:#CC2222;text-decoration:underline;} .message-effect-weak {font-weight:bold;color:#CC2222;} .message-effect-resist {font-weight:bold;color:#6688AA;} .message-effect-immune {font-weight:bold;color:#666666;} .message-learn-list {margin-top:0;margin-bottom:0;} .message-throttle-notice, .message-error {color:#992222;} .message-overflow, .chat small.message-overflow {font-size:0pt;} .message-overflow::before {font-size:9pt;content:'...';} .subtle {color:#3A4A66;}
</style>
<div class="wrapper replay-wrapper" style="max-width:1180px;margin:0 auto">
<input type="hidden" name="replayid" value="gen9natdexdraft-2366813411" />
<div class="battle"></div><div class="battle-log"></div><div class="replay-controls"></div><div class="replay-controls-2"></div>
<h1 style="font-weight:normal;text-align:center"><strong>[Gen 9] NatDex Draft</strong><br /><a href="http://pokemonshowdown.com/users/whamm0" class="subtle" target="_blank">whamm0</a> vs. <a href="http://pokemonshowdown.com/users/worstasset" class="subtle" target="_blank">Worst Asset</a></h1>
<script type="text/plain" class="battle-log-data">
|j|☆whamm0
|j|☆Worst Asset
|t:|1747602769
|gametype|singles
|player|p1|whamm0|crasherwake|
|player|p2|Worst Asset|1|
|teamsize|p1|6
|teamsize|p2|6
|gen|9
|tier|[Gen 9] NatDex Draft
|rule|Sleep Clause Mod: Limit one foe put to sleep
|rule|OHKO Clause: OHKO moves are banned
|rule|Evasion Clause: Evasion abilities, items, and moves are banned
|rule|Evasion Abilities Clause: Evasion abilities are banned
|rule|Evasion Items Clause: Evasion items are banned
|rule|Evasion Moves Clause: Evasion moves are banned
|rule|Endless Battle Clause: Forcing endless battles is banned
|rule|HP Percentage Mod: HP is shown in percentages
|clearpoke
|poke|p1|Iron Treads|
|poke|p1|Latios, M|
|poke|p1|Skeledirge, F|
|poke|p1|Lucario, F|
|poke|p1|Cloyster, M|
|poke|p1|Togekiss, M|
|poke|p2|Diancie|
|poke|p2|Gouging Fire|
|poke|p2|Samurott-Hisui, F|
|poke|p2|Skarmory, M|
|poke|p2|Excadrill, M|
|poke|p2|Chandelure, M|
|teampreview
|c|☆Worst Asset|glhf!
|c|☆whamm0|glhf
|
|t:|1747602801
|start
|switch|p1a: Iron Treads|Iron Treads|100\/100
|switch|p2a: Bob the Builder|Excadrill, M, shiny|100\/100
|-ability|p2a: Bob the Builder|Mold Breaker
|-enditem|p1a: Iron Treads|Booster Energy
|-activate|p1a: Iron Treads|ability: Quark Drive|[fromitem]
|-start|p1a: Iron Treads|quarkdrivespe
|turn|1
|j| GuRRuO
|j| PLZXEN
|
|t:|1747602860
|switch|p2a: Icarus|Skarmory, M, shiny|100\/100
|move|p1a: Iron Treads|Stealth Rock|p2a: Icarus
|-sidestart|p2: Worst Asset|move: Stealth Rock
|
|upkeep
|turn|2
|
|t:|1747602882
|move|p1a: Iron Treads|Volt Switch|p2a: Icarus
|-supereffective|p2a: Icarus
|-damage|p2a: Icarus|69\/100
|
|t:|1747602887
|-end|p1a: Iron Treads|Quark Drive|[silent]
|switch|p1a: Skeledirge|Skeledirge, F|100\/100|[from] Volt Switch
|move|p2a: Icarus|Body Press|p1a: Skeledirge
|-immune|p1a: Skeledirge
|
|upkeep
|turn|3
|
|t:|1747602923
|switch|p2a: Bob the Builder|Excadrill, M, shiny|100\/100
|-ability|p2a: Bob the Builder|Mold Breaker
|move|p1a: Skeledirge|Will-O-Wisp|p2a: Bob the Builder
|-status|p2a: Bob the Builder|brn
|
|-damage|p2a: Bob the Builder|94\/100 brn|[from] brn
|upkeep
|turn|4
|
|t:|1747602949
|move|p2a: Bob the Builder|Stealth Rock|p1a: Skeledirge
|-sidestart|p1: whamm0|move: Stealth Rock
|move|p1a: Skeledirge|Hex|p2a: Bob the Builder
|-damage|p2a: Bob the Builder|58\/100 brn
|
|-damage|p2a: Bob the Builder|52\/100 brn|[from] brn
|upkeep
|turn|5
|
|t:|1747602985
|switch|p2a: Max Verstappen|Samurott-Hisui, F|100\/100
|-damage|p2a: Max Verstappen|88\/100|[from] Stealth Rock
|move|p1a: Skeledirge|Hex|p2a: Max Verstappen
|-resisted|p2a: Max Verstappen
|-damage|p2a: Max Verstappen|69\/100
|
|upkeep
|turn|6
|
|t:|1747603004
|switch|p1a: Cloyster|Cloyster, M|100\/100
|-damage|p1a: Cloyster|76\/100|[from] Stealth Rock
|move|p2a: Max Verstappen|Sucker Punch||[still]
|-fail|p2a: Max Verstappen
|
|upkeep
|turn|7
|
|t:|1747603021
|move|p2a: Max Verstappen|Sacred Sword|p1a: Cloyster
|-supereffective|p1a: Cloyster
|-damage|p1a: Cloyster|0 fnt
|faint|p1a: Cloyster
|
|upkeep
|
|t:|1747603030
|switch|p1a: Iron Treads|Iron Treads|100\/100
|-damage|p1a: Iron Treads|97\/100|[from] Stealth Rock
|turn|8
|
|t:|1747603078
|move|p1a: Iron Treads|Rock Slide|p2a: Max Verstappen
|-damage|p2a: Max Verstappen|46\/100
|move|p2a: Max Verstappen|Sacred Sword|p1a: Iron Treads
|-supereffective|p1a: Iron Treads
|-damage|p1a: Iron Treads|20\/100
|
|upkeep
|turn|9
|
|t:|1747603095
|move|p2a: Max Verstappen|Aqua Jet|p1a: Iron Treads
|-supereffective|p1a: Iron Treads
|-damage|p1a: Iron Treads|0 fnt
|faint|p1a: Iron Treads
|-end|p1a: Iron Treads|Quark Drive|[silent]
|
|upkeep
|
|t:|1747603110
|switch|p1a: Lucario|Lucario, F|100\/100
|-damage|p1a: Lucario|98\/100|[from] Stealth Rock
|turn|10
|
|t:|1747603151
|switch|p2a: Candle|Chandelure, M|100\/100
|-damage|p2a: Candle|76\/100|[from] Stealth Rock
|move|p1a: Lucario|Flash Cannon|p2a: Candle
|-resisted|p2a: Candle
|-damage|p2a: Candle|41\/100
|-damage|p1a: Lucario|88\/100|[from] item: Life Orb
|
|-heal|p2a: Candle|47\/100|[from] item: Leftovers
|upkeep
|turn|11
|
|t:|1747603178
|move|p1a: Lucario|Flash Cannon|p2a: Candle
|-resisted|p2a: Candle
|-crit|p2a: Candle
|-damage|p2a: Candle|0 fnt
|faint|p2a: Candle
|-damage|p1a: Lucario|78\/100|[from] item: Life Orb
|
|upkeep
|
|t:|1747603239
|switch|p2a: Princess Diana|Diancie, shiny|100\/100
|-damage|p2a: Princess Diana|88\/100|[from] Stealth Rock
|turn|12
|
|t:|1747603274
|detailschange|p2a: Princess Diana|Diancie-Mega, shiny
|-mega|p2a: Princess Diana|Diancie|Diancite
|move|p2a: Princess Diana|Play Rough|p1a: Lucario
|-damage|p1a: Lucario|0 fnt
|faint|p1a: Lucario
|
|upkeep
|
|t:|1747603293
|switch|p1a: Latios|Latios, M|100\/100
|-damage|p1a: Latios|88\/100|[from] Stealth Rock
|turn|13
|
|t:|1747603315
|move|p1a: Latios|Luster Purge|p2a: Princess Diana
|-damage|p2a: Princess Diana|28\/100
|move|p2a: Princess Diana|Play Rough|p1a: Latios
|-supereffective|p1a: Latios
|-damage|p1a: Latios|0 fnt
|faint|p1a: Latios
|
|upkeep
|
|t:|1747603324
|switch|p1a: Skeledirge|Skeledirge, F|100\/100
|turn|14
|
|t:|1747603335
|move|p2a: Princess Diana|Diamond Storm|p1a: Skeledirge
|-supereffective|p1a: Skeledirge
|-damage|p1a: Skeledirge|20\/100
|move|p1a: Skeledirge|Torch Song|p2a: Princess Diana
|-resisted|p2a: Princess Diana
|-damage|p2a: Princess Diana|10\/100
|-boost|p1a: Skeledirge|spa|1
|
|upkeep
|turn|15
|
|t:|1747603344
|move|p2a: Princess Diana|Diamond Storm|p1a: Skeledirge
|-supereffective|p1a: Skeledirge
|-damage|p1a: Skeledirge|0 fnt
|-boost|p2a: Princess Diana|def|2
|faint|p1a: Skeledirge
|
|upkeep
|
|t:|1747603351
|switch|p1a: Togekiss|Togekiss, M|100\/100
|-damage|p1a: Togekiss|75\/100|[from] Stealth Rock
|turn|16
|
|t:|1747603364
|move|p2a: Princess Diana|Diamond Storm|p1a: Togekiss|[miss]
|-miss|p2a: Princess Diana|p1a: Togekiss
|move|p1a: Togekiss|Flamethrower|p2a: Princess Diana
|-resisted|p2a: Princess Diana
|-damage|p2a: Princess Diana|0 fnt
|faint|p2a: Princess Diana
|detailschange|p2: Princess Diana|Diancie, shiny|[silent]
|
|-heal|p1a: Togekiss|82\/100|[from] item: Leftovers
|upkeep
|j| superpanchi
|
|t:|1747603375
|switch|p2a: Gouge Dez Nuts|Gouging Fire|100\/100
|-damage|p2a: Gouge Dez Nuts|76\/100|[from] Stealth Rock
|-enditem|p2a: Gouge Dez Nuts|Booster Energy
|-activate|p2a: Gouge Dez Nuts|ability: Protosynthesis|[fromitem]
|-start|p2a: Gouge Dez Nuts|protosynthesisatk
|turn|17
|
|t:|1747603405
|move|p2a: Gouge Dez Nuts|Stone Edge|p1a: Togekiss
|-supereffective|p1a: Togekiss
|-crit|p1a: Togekiss
|-damage|p1a: Togekiss|0 fnt
|faint|p1a: Togekiss
|
|win|Worst Asset
|c|☆whamm0|gg
|c|☆Worst Asset|gg
|l|☆whamm0
|player|p1|
|l|☆Worst Asset
|player|p2|
|l| PLZXEN

</script>
</div>
<div class="battle-log battle-log-inline"><div class="inner"><div class="battle-options"></div><div class="inner message-log"><div class="chat"><small>☆whamm0 and ☆Worst Asset joined</small></div><div class=""><small>Format:</small> <br><strong>[Gen 9] NatDex Draft</strong></div><div class=""><small><em>Sleep Clause Mod:</em> Limit one foe put to sleep</small></div><div class=""><small><em>OHKO Clause:</em> OHKO moves are banned</small></div><div class=""><small><em>Evasion Clause:</em> Evasion abilities, items, and moves are banned</small></div><div class=""><small><em>Evasion Abilities Clause:</em> Evasion abilities are banned</small></div><div class=""><small><em>Evasion Items Clause:</em> Evasion items are banned</small></div><div class=""><small><em>Evasion Moves Clause:</em> Evasion moves are banned</small></div><div class=""><small><em>Endless Battle Clause:</em> Forcing endless battles is banned</small></div><div class=""><small><em>HP Percentage Mod:</em> HP is shown in percentages</small></div><div class="chat battle-history"><strong>whamm0's team:</strong> <em style="color:#445566;display:block;">Iron Treads / Latios / Skeledirge / Lucario / Cloyster / Togekiss</em></div><div class="chat battle-history"><strong>Worst Asset's team:</strong> <em style="color:#445566;display:block;">Diancie / Gouging Fire / Samurott-Hisui / Skarmory / Excadrill / Chandelure</em></div><div class="chat chatmessage-worstasset"><strong style="color:#3ea850"><small class="groupsymbol">☆</small><span class="username">Worst Asset</span>:</strong> <em>glhf!</em></div><div class="chat chatmessage-whamm0"><strong style="color:#ac4a57"><small class="groupsymbol">☆</small><span class="username">whamm0</span>:</strong> <em>glhf</em></div><div class="spacer battle-history"><br></div><div class="battle-history">Battle started between whamm0 and Worst Asset!<br></div><div class="spacer battle-history"><br></div><div class="battle-history">Go! <strong>Iron Treads</strong>!<br></div><div class="spacer battle-history"><br></div><div class="battle-history">Worst Asset sent out Bob the Builder (<strong>Excadrill</strong>)!<br></div><div class="battle-history">[The opposing Bob the Builder's Mold Breaker]<br><small>The opposing Bob the Builder breaks the mold!</small><br></div><div class="battle-history"><small>(Iron Treads used its Booster Energy!)</small><br></div><div class="battle-history">[Iron Treads's Quark Drive]<br><small>Iron Treads used its Booster Energy to activate its Quark Drive!</small><br></div><div class="battle-history"><small>Iron Treads's Speed was heightened!</small><br></div><div class="spacer battle-history"><br></div><h2 class="battle-history">Turn 1</h2><div class="chat"><small> GuRRuO and  PLZXEN joined</small></div><div class="spacer battle-history"><br></div><div class="battle-history">Worst Asset withdrew Bob the Builder!<br></div><div class="battle-history">Worst Asset sent out Icarus (<strong>Skarmory</strong>)!<br></div><div class="spacer battle-history"><br></div><div class="battle-history">Iron Treads used <strong>Stealth Rock</strong>!<br></div><div class="battle-history"><small>Pointed stones float in the air around the opposing team!</small><br></div><div class="spacer battle-history"><br></div><h2 class="battle-history">Turn 2</h2><div class="spacer battle-history"><br></div><div class="battle-history">Iron Treads used <strong>Volt Switch</strong>!<br></div><div class="battle-history"><small>It's super effective!</small><br></div><div class="battle-history"><small>(The opposing Icarus lost 31% of its health!)</small><br></div><div class="spacer battle-history"><br></div><div class="battle-history">Iron Treads went back to whamm0!<br></div><div class="battle-history">Go! <strong>Skeledirge</strong>!<br></div><div class="spacer battle-history"><br></div><div class="battle-history">The opposing Icarus used <strong>Body Press</strong>!<br></div><div class="battle-history"><small>It doesn't affect Skeledirge...</small><br></div><div class="spacer battle-history"><br></div><h2 class="battle-history">Turn 3</h2><div class="spacer battle-history"><br></div><div class="battle-history">Worst Asset withdrew Icarus!<br></div><div class="battle-history">Worst Asset sent out Bob the Builder (<strong>Excadrill</strong>)!<br></div><div class="battle-history">[The opposing Bob the Builder's Mold Breaker]<br><small>The opposing Bob the Builder breaks the mold!</small><br></div><div class="spacer battle-history"><br></div><div class="battle-history">Skeledirge used <strong>Will-O-Wisp</strong>!<br></div><div class="battle-history"><small>The opposing Bob the Builder was burned!</small><br></div><div class="spacer battle-history"><br></div><div class="battle-history"><small>The opposing Bob the Builder was hurt by its burn!</small><br></div><div class="spacer battle-history"><br></div><h2 class="battle-history">Turn 4</h2><div class="spacer battle-history"><br></div><div class="battle-history">The opposing Bob the Builder used <strong>Stealth Rock</strong>!<br></div><div class="battle-history"><small>Pointed stones float in the air around your team!</small><br></div><div class="spacer battle-history"><br></div><div class="battle-history">Skeledirge used <strong>Hex</strong>!<br></div><div class="battle-history"><small>(The opposing Bob the Builder lost 36% of its health!)</small><br></div><div class="spacer battle-history"><br></div><div class="battle-history"><small>The opposing Bob the Builder was hurt by its burn!</small><br></div><div class="spacer battle-history"><br></div><h2 class="battle-history">Turn 5</h2><div class="spacer battle-history"><br></div><div class="battle-history">Worst Asset withdrew Bob the Builder!<br></div><div class="battle-history">Worst Asset sent out Max Verstappen (<strong>Samurott-Hisui</strong>)!<br></div><div class="battle-history"><small>Pointed stones dug into the opposing Max Verstappen!</small><br></div><div class="spacer battle-history"><br></div><div class="battle-history">Skeledirge used <strong>Hex</strong>!<br></div><div class="battle-history"><small>It's not very effective...</small><br></div><div class="battle-history"><small>(The opposing Max Verstappen lost 19% of its health!)</small><br></div><div class="spacer battle-history"><br></div><h2 class="battle-history">Turn 6</h2><div class="spacer battle-history"><br></div><div class="battle-history">Skeledirge, come back!<br></div><div class="battle-history">Go! <strong>Cloyster</strong>!<br></div><div class="battle-history"><small>Pointed stones dug into Cloyster!</small><br></div><div class="spacer battle-history"><br></div><div class="battle-history">The opposing Max Verstappen used <strong>Sucker Punch</strong>!<br></div><div class="battle-history"><small>But it failed!</small><br></div><div class="spacer battle-history"><br></div><h2 class="battle-history">Turn 7</h2><div class="spacer battle-history"><br></div><div class="battle-history">The opposing Max Verstappen used <strong>Sacred Sword</strong>!<br></div><div class="battle-history"><small>It's super effective!</small><br></div><div class="battle-history"><small>(Cloyster lost 76% of its health!)</small><br></div><div class="spacer battle-history"><br></div><div class="battle-history">Cloyster fainted!<br></div><div class="spacer battle-history"><br></div><div class="battle-history">Go! <strong>Iron Treads</strong>!<br></div><div class="battle-history"><small>Pointed stones dug into Iron Treads!</small><br></div><div class="spacer battle-history"><br></div><h2 class="battle-history">Turn 8</h2><div class="spacer battle-history"><br></div><div class="battle-history">Iron Treads used <strong>Rock Slide</strong>!<br></div><div class="battle-history"><small>(The opposing Max Verstappen lost 23% of its health!)</small><br></div><div class="spacer battle-history"><br></div><div class="battle-history">The opposing Max Verstappen used <strong>Sacred Sword</strong>!<br></div><div class="battle-history"><small>It's super effective!</small><br></div><div class="battle-history"><small>(Iron Treads lost 77% of its health!)</small><br></div><div class="spacer battle-history"><br></div><h2 class="battle-history">Turn 9</h2><div class="spacer battle-history"><br></div><div class="battle-history">The opposing Max Verstappen used <strong>Aqua Jet</strong>!<br></div><div class="battle-history"><small>It's super effective!</small><br></div><div class="battle-history"><small>(Iron Treads lost 20% of its health!)</small><br></div><div class="spacer battle-history"><br></div><div class="battle-history">Iron Treads fainted!<br></div><div class="spacer battle-history"><br></div><div class="battle-history">Go! <strong>Lucario</strong>!<br></div><div class="battle-history"><small>Pointed stones dug into Lucario!</small><br></div><div class="spacer battle-history"><br></div><h2 class="battle-history">Turn 10</h2><div class="spacer battle-history"><br></div><div class="battle-history">Worst Asset withdrew Max Verstappen!<br></div><div class="battle-history">Worst Asset sent out Candle (<strong>Chandelure</strong>)!<br></div><div class="battle-history"><small>Pointed stones dug into the opposing Candle!</small><br></div><div class="spacer battle-history"><br></div><div class="battle-history">Lucario used <strong>Flash Cannon</strong>!<br></div><div class="battle-history"><small>It's not very effective...</small><br></div><div class="battle-history"><small>(The opposing Candle lost 35% of its health!)</small><br></div><div class="battle-history"><small>Lucario lost some of its HP!</small><br></div><div class="spacer battle-history"><br></div><div class="battle-history"><small>The opposing Candle restored a little HP using its Leftovers!</small><br></div><div class="spacer battle-history"><br></div><h2 class="battle-history">Turn 11</h2><div class="spacer battle-history"><br></div><div class="battle-history">Lucario used <strong>Flash Cannon</strong>!<br></div><div class="battle-history"><small>It's not very effective...</small><br></div><div class="battle-history"><small>A critical hit!</small><br></div><div class="battle-history"><small>(The opposing Candle lost 47% of its health!)</small><br></div><div class="spacer battle-history"><br></div><div class="battle-history">The opposing Candle fainted!<br></div><div class="battle-history"><small>Lucario lost some of its HP!</small><br></div><div class="spacer battle-history"><br></div><div class="battle-history">Worst Asset sent out Princess Diana (<strong>Diancie</strong>)!<br></div><div class="battle-history"><small>Pointed stones dug into the opposing Princess Diana!</small><br></div><div class="spacer battle-history"><br></div><h2 class="battle-history">Turn 12</h2><div class="spacer battle-history"><br></div><div class="battle-history"><small>The opposing Princess Diana's Diancite is reacting to the Key Stone!</small><br>The opposing Princess Diana has Mega Evolved into Mega Diancie!<br></div><div class="spacer battle-history"><br></div><div class="battle-history">The opposing Princess Diana used <strong>Play Rough</strong>!<br></div><div class="battle-history"><small>(Lucario lost 78% of its health!)</small><br></div><div class="spacer battle-history"><br></div><div class="battle-history">Lucario fainted!<br></div><div class="spacer battle-history"><br></div><div class="battle-history">Go! <strong>Latios</strong>!<br></div><div class="battle-history"><small>Pointed stones dug into Latios!</small><br></div><div class="spacer battle-history"><br></div><h2 class="battle-history">Turn 13</h2><div class="spacer battle-history"><br></div><div class="battle-history">Latios used <strong>Luster Purge</strong>!<br></div><div class="battle-history"><small>(The opposing Princess Diana lost 60% of its health!)</small><br></div><div class="spacer battle-history"><br></div><div class="battle-history">The opposing Princess Diana used <strong>Play Rough</strong>!<br></div><div class="battle-history"><small>It's super effective!</small><br></div><div class="battle-history"><small>(Latios lost 88% of its health!)</small><br></div><div class="spacer battle-history"><br></div><div class="battle-history">Latios fainted!<br></div><div class="spacer battle-history"><br></div><div class="battle-history">Go! <strong>Skeledirge</strong>!<br></div><div class="spacer battle-history"><br></div><h2 class="battle-history">Turn 14</h2><div class="spacer battle-history"><br></div><div class="battle-history">The opposing Princess Diana used <strong>Diamond Storm</strong>!<br></div><div class="battle-history"><small>It's super effective!</small><br></div><div class="battle-history"><small>(Skeledirge lost 80% of its health!)</small><br></div><div class="spacer battle-history"><br></div><div class="battle-history">Skeledirge used <strong>Torch Song</strong>!<br></div><div class="battle-history"><small>It's not very effective...</small><br></div><div class="battle-history"><small>(The opposing Princess Diana lost 18% of its health!)</small><br></div><div class="battle-history"><small>Skeledirge's Sp. Atk rose!</small><br></div><div class="spacer battle-history"><br></div><h2 class="battle-history">Turn 15</h2><div class="spacer battle-history"><br></div><div class="battle-history">The opposing Princess Diana used <strong>Diamond Storm</strong>!<br></div><div class="battle-history"><small>It's super effective!</small><br></div><div class="battle-history"><small>(Skeledirge lost 20% of its health!)</small><br></div><div class="battle-history"><small>The opposing Princess Diana's Defense rose sharply!</small><br></div><div class="spacer battle-history"><br></div><div class="battle-history">Skeledirge fainted!<br></div><div class="spacer battle-history"><br></div><div class="battle-history">Go! <strong>Togekiss</strong>!<br></div><div class="battle-history"><small>Pointed stones dug into Togekiss!</small><br></div><div class="spacer battle-history"><br></div><h2 class="battle-history">Turn 16</h2><div class="spacer battle-history"><br></div><div class="battle-history">The opposing Princess Diana used <strong>Diamond Storm</strong>!<br></div><div class="battle-history"><small>Togekiss avoided the attack!</small><br></div><div class="spacer battle-history"><br></div><div class="battle-history">Togekiss used <strong>Flamethrower</strong>!<br></div><div class="battle-history"><small>It's not very effective...</small><br></div><div class="battle-history"><small>(The opposing Princess Diana lost 10% of its health!)</small><br></div><div class="spacer battle-history"><br></div><div class="battle-history">The opposing Princess Diana fainted!<br></div><div class="spacer battle-history"><br></div><div class="battle-history"><small>Togekiss restored a little HP using its Leftovers!</small><br></div><div class="chat"><small> superpanchi joined</small></div><div class="spacer battle-history"><br></div><div class="battle-history">Worst Asset sent out Gouge Dez Nuts (<strong>Gouging Fire</strong>)!<br></div><div class="battle-history"><small>Pointed stones dug into the opposing Gouge Dez Nuts!</small><br></div><div class="battle-history"><small>(The opposing Gouge Dez Nuts used its Booster Energy!)</small><br></div><div class="battle-history">[The opposing Gouge Dez Nuts's Protosynthesis]<br><small>The opposing Gouge Dez Nuts used its Booster Energy to activate Protosynthesis!</small><br></div><div class="battle-history"><small>The opposing Gouge Dez Nuts's Attack was heightened!</small><br></div><div class="spacer battle-history"><br></div><h2 class="battle-history">Turn 17</h2><div class="spacer battle-history"><br></div><div class="battle-history">The opposing Gouge Dez Nuts used <strong>Stone Edge</strong>!<br></div><div class="battle-history"><small>It's super effective!</small><br></div><div class="battle-history"><small>A critical hit!</small><br></div><div class="battle-history"><small>(Togekiss lost 82% of its health!)</small><br></div><div class="spacer battle-history"><br></div><div class="battle-history">Togekiss fainted!<br></div><div class="spacer battle-history"><br></div><div class="battle-history"><strong>Worst Asset</strong> won the battle!<br></div><div class="chat chatmessage-whamm0"><strong style="color:#ac4a57"><small class="groupsymbol">☆</small><span class="username">whamm0</span>:</strong> <em>gg</em></div><div class="chat chatmessage-worstasset"><strong style="color:#3ea850"><small class="groupsymbol">☆</small><span class="username">Worst Asset</span>:</strong> <em>gg</em></div><div class="chat"><small>☆whamm0 left</small></div><div class="chat"><small>☆Worst Asset left</small></div><div class="chat"><small> PLZXEN left</small></div></div><div class="inner-preempt message-log"></div></div></div>
</div>
<script>
let daily = Math.floor(Date.now()/1000/60/60/24);document.write('<script src="https://play.pokemonshowdown.com/js/replay-embed.js?version'+daily+'"></'+'script>');
</script>
