<!DOCTYPE html>
<meta charset="utf-8" />
<!-- version 1 -->
<title>[Gen 9] NatDex Draft replay: kingjulian200 vs. MarioLuigiMen4</title>
<style>
html,body {font-family:Verdana, sans-serif;font-size:10pt;margin:0;padding:0;}body{padding:12px 0;} .battle-log {font-family:Verdana, sans-serif;font-size:10pt;} .battle-log-inline {border:1px solid #AAAAAA;background:#EEF2F5;color:black;max-width:640px;margin:0 auto 80px;padding-bottom:5px;} .battle-log .inner {padding:4px 8px 0px 8px;} .battle-log .inner-preempt {padding:0 8px 4px 8px;} .battle-log .inner-after {margin-top:0.5em;} .battle-log h2 {margin:0.5em -8px;padding:4px 8px;border:1px solid #AAAAAA;background:#E0E7EA;border-left:0;border-right:0;font-family:Verdana, sans-serif;font-size:13pt;} .battle-log .chat {vertical-align:middle;padding:3px 0 3px 0;font-size:8pt;} .battle-log .chat strong {color:#40576A;} .battle-log .chat em {padding:1px 4px 1px 3px;color:#000000;font-style:normal;} .chat.mine {background:rgba(0,0,0,0.05);margin-left:-8px;margin-right:-8px;padding-left:8px;padding-right:8px;} .spoiler {color:#BBBBBB;background:#BBBBBB;padding:0px 3px;} .spoiler:hover, .spoiler:active, .spoiler-shown {color:#000000;background:#E2E2E2;padding:0px 3px;} .spoiler a {color:#BBBBBB;} .spoiler:hover a, .spoiler:active a, .spoiler-shown a {color:#2288CC;} .chat code, .chat .spoiler:hover code, .chat .spoiler:active code, .chat .spoiler-shown code {border:1px solid #C0C0C0;background:#EEEEEE;color:black;padding:0 2px;} .chat .spoiler code {border:1px solid #CCCCCC;background:#CCCCCC;color:#CCCCCC;} .battle-log .rated {padding:3px 4px;} .battle-log .rated strong {color:white;background:#89A;padding:1px 4px;border-radius:4px;} .spacer {margin-top:0.5em;} .message-announce {background:#6688AA;color:white;padding:1px 4px 2px;} .message-announce a, .broadcast-green a, .broadcast-blue a, .broadcast-red a {color:#DDEEFF;} .broadcast-green {background-color:#559955;color:white;padding:2px 4px;} .broadcast-blue {background-color:#6688AA;color:white;padding:2px 4px;} .infobox {border:1px solid #6688AA;padding:2px 4px;} .infobox-limited {max-height:200px;overflow:auto;overflow-x:hidden;} .broadcast-red {background-color:#AA5544;color:white;padding:2px 4px;} .message-learn-canlearn {font-weight:bold;color:#228822;text-decoration:underline;} .message-learn-cannotlearn {font-weight:bold;color:#CC2222;text-decoration:underline;} .message-effect-weak {font-weight:bold;color:#CC2222;} .message-effect-resist {font-weight:bold;color:#6688AA;} .message-effect-immune {font-weight:bold;color:#666666;} .message-learn-list {margin-top:0;margin-bottom:0;} .message-throttle-notice, .message-error {color:#992222;} .message-overflow, .chat small.message-overflow {font-size:0pt;} .message-overflow::before {font-size:9pt;content:'...';} .subtle {color:#3A4A66;}
</style>
<div class="wrapper replay-wrapper" style="max-width:1180px;margin:0 auto">
<input type="hidden" name="replayid" value="gen9natdexdraft-2356204834" />
<div class="battle"></div><div class="battle-log"></div><div class="replay-controls"></div><div class="replay-controls-2"></div>
<h1 style="font-weight:normal;text-align:center"><strong>[Gen 9] NatDex Draft</strong><br /><a href="http://pokemonshowdown.com/users/kingjulian200" class="subtle" target="_blank">kingjulian200</a> vs. <a href="http://pokemonshowdown.com/users/marioluigimen4" class="subtle" target="_blank">MarioLuigiMen4</a></h1>
<script type="text/plain" class="battle-log-data">
|j|☆kingjulian200
|j|☆MarioLuigiMen4
|t:|1746298320
|gametype|singles
|player|p1|kingjulian200|n|
|player|p2|MarioLuigiMen4|1|
|teamsize|p1|6
|teamsize|p2|6
|gen|9
|tier|[Gen 9] NatDex Draft
|rule|Sleep Clause Mod: Limit one foe put to sleep
|rule|OHKO Clause: OHKO moves are banned
|rule|Evasion Clause: Evasion abilities, items, and moves are banned
|rule|Evasion Abilities Clause: Evasion abilities are banned
|rule|Evasion Items Clause: Evasion items are banned
|rule|Evasion Moves Clause: Evasion moves are banned
|rule|Endless Battle Clause: Forcing endless battles is banned
|rule|HP Percentage Mod: HP is shown in percentages
|clearpoke
|poke|p1|Gholdengo|
|poke|p1|Bisharp, F|
|poke|p1|Cinderace, M|
|poke|p1|Toucannon, F|
|poke|p1|Gardevoir, F|
|poke|p1|Tapu Lele|
|poke|p2|Gengar, F|
|poke|p2|Alakazam, M|
|poke|p2|Chien-Pao|
|poke|p2|Sandy Shocks|
|poke|p2|Swellow, M|
|poke|p2|Alomomola, M|
|teampreview
|c|☆MarioLuigiMen4|glhf again!
|c|☆kingjulian200|there we go
|c|☆kingjulian200|U2 again!
|c|☆MarioLuigiMen4|ty!
|j| alonzita
|c|☆MarioLuigiMen4|mine almost did the same thing, I accidentally almost brought in my mono team since it also has shocks lol
|c|☆kingjulian200|damn XD
|
|t:|1746298380
|start
|switch|p1a: Ornament|Tapu Lele|100\/100
|switch|p2a: Sandy Shocks|Sandy Shocks|100\/100
|-fieldstart|move: Psychic Terrain|[from] ability: Psychic Surge|[of] p1a: Ornament
|-enditem|p2a: Sandy Shocks|Booster Energy
|-activate|p2a: Sandy Shocks|ability: Protosynthesis|[fromitem]
|-start|p2a: Sandy Shocks|protosynthesisspe
|turn|1
|
|t:|1746298397
|move|p2a: Sandy Shocks|Stealth Rock|p1a: Ornament
|-sidestart|p1: kingjulian200|move: Stealth Rock
|move|p1a: Ornament|Reflect|p1a: Ornament
|-sidestart|p1: kingjulian200|Reflect
|
|upkeep
|turn|2
|
|t:|1746298423
|move|p2a: Sandy Shocks|Earth Power|p1a: Ornament
|-damage|p1a: Ornament|65\/100
|move|p1a: Ornament|Light Screen|p1a: Ornament
|-sidestart|p1: kingjulian200|move: Light Screen
|
|upkeep
|turn|3
|
|t:|1746298436
|switch|p1a: Dress|Gardevoir, F|100\/100
|-damage|p1a: Dress|88\/100|[from] Stealth Rock
|move|p2a: Sandy Shocks|Earth Power|p1a: Dress
|-damage|p1a: Dress|68\/100
|-unboost|p1a: Dress|spd|1
|
|upkeep
|turn|4
|
|t:|1746298458
|detailschange|p1a: Dress|Gardevoir-Mega, F
|-mega|p1a: Dress|Gardevoir|Gardevoirite
|move|p2a: Sandy Shocks|Volt Switch|p1a: Dress
|-damage|p1a: Dress|50\/100
|
|t:|1746298462
|-end|p2a: Sandy Shocks|Protosynthesis|[silent]
|switch|p2a: Gengar|Gengar, F|100\/100|[from] Volt Switch
|move|p1a: Dress|Trick Room|p1a: Dress
|-fieldstart|move: Trick Room|[of] p1a: Dress
|
|upkeep
|turn|5
|
|t:|1746298490
|move|p1a: Dress|Expanding Force|p2a: Gengar
|-supereffective|p2a: Gengar
|-crit|p2a: Gengar
|-damage|p2a: Gengar|0 fnt
|faint|p2a: Gengar
|
|-sideend|p1: kingjulian200|Reflect
|-fieldend|move: Psychic Terrain
|upkeep
|
|t:|1746298503
|switch|p2a: Chien-Pao|Chien-Pao|100\/100
|-ability|p2a: Chien-Pao|Sword of Ruin
|turn|6
|j| bluefox08
|
|t:|1746298539
|switch|p1a: Ornament|Tapu Lele|65\/100
|-damage|p1a: Ornament|53\/100|[from] Stealth Rock
|-fieldstart|move: Psychic Terrain|[from] ability: Psychic Surge|[of] p1a: Ornament
|move|p2a: Chien-Pao|Sucker Punch||[still]
|-fail|p2a: Chien-Pao
|
|-sideend|p1: kingjulian200|move: Light Screen
|upkeep
|turn|7
|
|t:|1746298576
|switch|p2a: Sandy Shocks|Sandy Shocks|100\/100
|move|p1a: Ornament|Reflect|p1a: Ornament
|-sidestart|p1: kingjulian200|Reflect
|
|upkeep
|turn|8
|
|t:|1746298590
|move|p1a: Ornament|Toxic|p2a: Sandy Shocks
|-status|p2a: Sandy Shocks|tox
|move|p2a: Sandy Shocks|Earth Power|p1a: Ornament
|-damage|p1a: Ornament|16\/100
|
|-damage|p2a: Sandy Shocks|94\/100 tox|[from] psn
|-fieldend|move: Trick Room
|upkeep
|turn|9
|
|t:|1746298608
|switch|p1a: Boomerang|Toucannon, F|100\/100
|-damage|p1a: Boomerang|76\/100|[from] Stealth Rock
|move|p2a: Sandy Shocks|Earth Power|p1a: Boomerang
|-immune|p1a: Boomerang
|
|-damage|p2a: Sandy Shocks|82\/100 tox|[from] psn
|upkeep
|turn|10
|
|t:|1746298647
|-terastallize|p1a: Boomerang|Rock
|move|p2a: Sandy Shocks|Thunderbolt|p1a: Boomerang
|-crit|p1a: Boomerang
|-damage|p1a: Boomerang|0 fnt
|faint|p1a: Boomerang
|
|-damage|p2a: Sandy Shocks|63\/100 tox|[from] psn
|-fieldend|move: Psychic Terrain
|upkeep
|c|☆kingjulian200|damn
|c| alonzita|Huge crit
|c|☆kingjulian200|i had expected volt switch
|c| bluefox08|shit
|c|☆MarioLuigiMen4|massive crit for sure
|c|☆MarioLuigiMen4|I was gonna but figured you might be defensive to revenge
|c| bluefox08|I thought it could be scarf
|c| bluefox08|but massive crit
|
|t:|1746298717
|switch|p1a: Cheese|Gholdengo|100\/100
|-damage|p1a: Cheese|94\/100|[from] Stealth Rock
|turn|11
|
|t:|1746298735
|move|p2a: Sandy Shocks|Volt Switch|p1a: Cheese
|-damage|p1a: Cheese|65\/100
|
|t:|1746298739
|-end|p2a: Sandy Shocks|Protosynthesis|[silent]
|switch|p2a: Alomomola|Alomomola, M|100\/100|[from] Volt Switch
|move|p1a: Cheese|Shadow Ball|p2a: Alomomola
|-damage|p2a: Alomomola|58\/100
|
|-heal|p2a: Alomomola|64\/100|[from] item: Leftovers
|-sideend|p1: kingjulian200|Reflect
|upkeep
|turn|12
|
|t:|1746298771
|move|p1a: Cheese|Shadow Ball|p2a: Alomomola
|-damage|p2a: Alomomola|19\/100
|-unboost|p2a: Alomomola|spd|1
|move|p2a: Alomomola|Knock Off|p1a: Cheese
|-supereffective|p1a: Cheese
|-damage|p1a: Cheese|34\/100
|-enditem|p1a: Cheese|Choice Scarf|[from] move: Knock Off|[of] p2a: Alomomola
|
|-heal|p2a: Alomomola|26\/100|[from] item: Leftovers
|upkeep
|turn|13
|
|t:|1746298800
|switch|p2a: Sandy Shocks|Sandy Shocks|63\/100 tox
|move|p1a: Cheese|Shadow Ball|p2a: Sandy Shocks
|-crit|p2a: Sandy Shocks
|-damage|p2a: Sandy Shocks|0 fnt
|faint|p2a: Sandy Shocks
|-end|p2a: Sandy Shocks|Protosynthesis|[silent]
|
|upkeep
|j| Omey
|c| bluefox08|OHB
|c| bluefox08|wait
|c|☆kingjulian200|holy
|c| bluefox08|did that matter
|c|☆MarioLuigiMen4|and there's the return crit lol
|c|☆MarioLuigiMen4|absolutely it did
|c| bluefox08|yea
|
|t:|1746298824
|switch|p2a: Alakazam|Alakazam, M|100\/100
|turn|14
|
|t:|1746298886
|switch|p1a: Ornament|Tapu Lele|16\/100
|-damage|p1a: Ornament|4\/100|[from] Stealth Rock
|-fieldstart|move: Psychic Terrain|[from] ability: Psychic Surge|[of] p1a: Ornament
|detailschange|p2a: Alakazam|Alakazam-Mega, M
|-mega|p2a: Alakazam|Alakazam|Alakazite
|-ability|p2a: Alakazam|Psychic Surge|[from] ability: Trace|[of] p1a: Ornament
|move|p2a: Alakazam|Shadow Ball|p1a: Ornament
|-supereffective|p1a: Ornament
|-damage|p1a: Ornament|0 fnt
|faint|p1a: Ornament
|
|upkeep
|
|t:|1746298899
|switch|p1a: Balls|Cinderace, M|100\/100
|-damage|p1a: Balls|75\/100|[from] Stealth Rock
|-enditem|p1a: Balls|Psychic Seed
|-boost|p1a: Balls|spd|1|[from] item: Psychic Seed
|turn|15
|j| Superpanchi
|
|t:|1746298925
|move|p2a: Alakazam|Psyshock|p1a: Balls
|-damage|p1a: Balls|0 fnt
|faint|p1a: Balls
|
|upkeep
|c| bluefox08|oh
|c|☆MarioLuigiMen4|very cool tech
|c|☆kingjulian200|indeed
|c| Omey|spoons
|
|t:|1746298959
|switch|p1a: Dress|Gardevoir-Mega, F|50\/100
|-damage|p1a: Dress|37\/100|[from] Stealth Rock
|turn|16
|c|☆MarioLuigiMen4|elder spoon at it again
|c| bluefox08|yea super cool
|
|t:|1746298984
|move|p2a: Alakazam|Shadow Ball|p1a: Dress
|-supereffective|p1a: Dress
|-damage|p1a: Dress|0 fnt
|faint|p1a: Dress
|
|upkeep
|
|t:|1746298992
|switch|p1a: Blades|Bisharp, F|100\/100
|-damage|p1a: Blades|94\/100|[from] Stealth Rock
|turn|17
|
|t:|1746299033
|move|p2a: Alakazam|Dazzling Gleam|p1a: Blades
|-damage|p1a: Blades|64\/100
|move|p1a: Blades|Knock Off|p2a: Alakazam
|-supereffective|p2a: Alakazam
|-damage|p2a: Alakazam|0 fnt
|faint|p2a: Alakazam
|
|upkeep
|c|☆kingjulian200|no focus miss?
|c| alonzita|Stunned no focus miss ngl
|c| bluefox08|oh
|c| bluefox08|so gardevoir sack
|c| alonzita|Tbf he probs did more damage this way 😂
|c| bluefox08|for nothing
|
|t:|1746299075
|switch|p2a: Chien-Pao|Chien-Pao|100\/100
|-ability|p2a: Chien-Pao|Sword of Ruin
|turn|18
|c| Superpanchi|No sucker punch there is big ball play tho
|c| bluefox08|fr
|
|t:|1746299084
|move|p2a: Chien-Pao|Sacred Sword|p1a: Blades
|-supereffective|p1a: Blades
|-damage|p1a: Blades|0 fnt
|faint|p1a: Blades
|-damage|p2a: Chien-Pao|91\/100|[from] item: Life Orb
|
|-fieldend|move: Psychic Terrain
|upkeep
|c| Superpanchi|Like you knew focus blast would miss
|
|t:|1746299091
|switch|p1a: Cheese|Gholdengo|34\/100
|-damage|p1a: Cheese|28\/100|[from] Stealth Rock
|turn|19
|c| alonzita|Terrain is up
|c| alonzita|Cant hit prio
|c| bluefox08|oh yea
|c| Superpanchi|Ok fine maybe im dumb
|
|t:|1746299104
|move|p2a: Chien-Pao|Sucker Punch|p1a: Cheese
|-supereffective|p1a: Cheese
|-damage|p1a: Cheese|0 fnt
|faint|p1a: Cheese
|-damage|p2a: Chien-Pao|81\/100|[from] item: Life Orb
|
|win|MarioLuigiMen4
|c| Superpanchi|Happy?
|c| alonzita|Loll
|c|☆MarioLuigiMen4|ggs!
|c|☆kingjulian200|ggs
|c| alonzita|Theres the sucker
|c|☆MarioLuigiMen4|very fun one

</script>
</div>
<div class="battle-log battle-log-inline"><div class="inner"><div class="battle-options"></div><div class="inner message-log"><div class="chat"><small>☆kingjulian200 and ☆MarioLuigiMen4 joined</small></div><div class=""><small>Format:</small> <br><strong>[Gen 9] NatDex Draft</strong></div><div class=""><small><em>Sleep Clause Mod:</em> Limit one foe put to sleep</small></div><div class=""><small><em>OHKO Clause:</em> OHKO moves are banned</small></div><div class=""><small><em>Evasion Clause:</em> Evasion abilities, items, and moves are banned</small></div><div class=""><small><em>Evasion Abilities Clause:</em> Evasion abilities are banned</small></div><div class=""><small><em>Evasion Items Clause:</em> Evasion items are banned</small></div><div class=""><small><em>Evasion Moves Clause:</em> Evasion moves are banned</small></div><div class=""><small><em>Endless Battle Clause:</em> Forcing endless battles is banned</small></div><div class=""><small><em>HP Percentage Mod:</em> HP is shown in percentages</small></div><div class="chat battle-history"><strong>kingjulian200's team:</strong> <em style="color:#445566;display:block;">Gholdengo / Bisharp / Cinderace / Toucannon / Gardevoir / Tapu Lele</em></div><div class="chat battle-history"><strong>MarioLuigiMen4's team:</strong> <em style="color:#445566;display:block;">Gengar / Alakazam / Chien-Pao / Sandy Shocks / Swellow / Alomomola</em></div><div class="chat chatmessage-marioluigimen4"><strong style="color:#2877cb"><small class="groupsymbol">☆</small><span class="username">MarioLuigiMen4</span>:</strong> <em>glhf again!</em></div><div class="chat chatmessage-kingjulian200"><strong style="color:#ab4d21"><small class="groupsymbol">☆</small><span class="username">kingjulian200</span>:</strong> <em>there we go</em></div><div class="chat chatmessage-kingjulian200"><strong style="color:#ab4d21"><small class="groupsymbol">☆</small><span class="username">kingjulian200</span>:</strong> <em>U2 again!</em></div><div class="chat chatmessage-marioluigimen4"><strong style="color:#2877cb"><small class="groupsymbol">☆</small><span class="username">MarioLuigiMen4</span>:</strong> <em>ty!</em></div><div class="chat"><small> alonzita joined</small></div><div class="chat chatmessage-marioluigimen4"><strong style="color:#2877cb"><small class="groupsymbol">☆</small><span class="username">MarioLuigiMen4</span>:</strong> <em>mine almost did the same thing, I accidentally almost brought in my mono team since it also has shocks lol</em></div><div class="chat chatmessage-kingjulian200"><strong style="color:#ab4d21"><small class="groupsymbol">☆</small><span class="username">kingjulian200</span>:</strong> <em>damn XD</em></div><div class="spacer battle-history"><br></div><div class="battle-history">Battle started between kingjulian200 and MarioLuigiMen4!<br></div><div class="spacer battle-history"><br></div><div class="battle-history">Go! Ornament (<strong>Tapu Lele</strong>)!<br></div><div class="spacer battle-history"><br></div><div class="battle-history">MarioLuigiMen4 sent out <strong>Sandy Shocks</strong>!<br></div><div class="battle-history">[Ornament's Psychic Surge]<br><small>The battlefield got weird!</small><br></div><div class="battle-history"><small>(The opposing Sandy Shocks used its Booster Energy!)</small><br></div><div class="battle-history">[The opposing Sandy Shocks's Protosynthesis]<br><small>The opposing Sandy Shocks used its Booster Energy to activate Protosynthesis!</small><br></div><div class="battle-history"><small>The opposing Sandy Shocks's Speed was heightened!</small><br></div><div class="spacer battle-history"><br></div><h2 class="battle-history">Turn 1</h2><div class="spacer battle-history"><br></div><div class="battle-history">The opposing Sandy Shocks used <strong>Stealth Rock</strong>!<br></div><div class="battle-history"><small>Pointed stones float in the air around your team!</small><br></div><div class="spacer battle-history"><br></div><div class="battle-history">Ornament used <strong>Reflect</strong>!<br></div><div class="battle-history"><small>Reflect made your team stronger against physical moves!</small><br></div><div class="spacer battle-history"><br></div><h2 class="battle-history">Turn 2</h2><div class="spacer battle-history"><br></div><div class="battle-history">The opposing Sandy Shocks used <strong>Earth Power</strong>!<br></div><div class="battle-history"><small>(Ornament lost 35% of its health!)</small><br></div><div class="spacer battle-history"><br></div><div class="battle-history">Ornament used <strong>Light Screen</strong>!<br></div><div class="battle-history"><small>Light Screen made your team stronger against special moves!</small><br></div><div class="spacer battle-history"><br></div><h2 class="battle-history">Turn 3</h2><div class="spacer battle-history"><br></div><div class="battle-history">Ornament, come back!<br></div><div class="battle-history">Go! Dress (<strong>Gardevoir</strong>)!<br></div><div class="battle-history"><small>Pointed stones dug into Dress!</small><br></div><div class="spacer battle-history"><br></div><div class="battle-history">The opposing Sandy Shocks used <strong>Earth Power</strong>!<br></div><div class="battle-history"><small>(Dress lost 20% of its health!)</small><br></div><div class="battle-history"><small>Dress's Sp. Def fell!</small><br></div><div class="spacer battle-history"><br></div><h2 class="battle-history">Turn 4</h2><div class="spacer battle-history"><br></div><div class="battle-history"><small>Dress's Gardevoirite is reacting to the Key Stone!</small><br>Dress has Mega Evolved into Mega Gardevoir!<br></div><div class="spacer battle-history"><br></div><div class="battle-history">The opposing Sandy Shocks used <strong>Volt Switch</strong>!<br></div><div class="battle-history"><small>(Dress lost 18% of its health!)</small><br></div><div class="spacer battle-history"><br></div><div class="battle-history">The opposing Sandy Shocks went back to MarioLuigiMen4!<br></div><div class="battle-history">MarioLuigiMen4 sent out <strong>Gengar</strong>!<br></div><div class="spacer battle-history"><br></div><div class="battle-history">Dress used <strong>Trick Room</strong>!<br></div><div class="battle-history"><small>Dress twisted the dimensions!</small><br></div><div class="spacer battle-history"><br></div><h2 class="battle-history">Turn 5</h2><div class="spacer battle-history"><br></div><div class="battle-history">Dress used <strong>Expanding Force</strong>!<br></div><div class="battle-history"><small>It's super effective!</small><br></div><div class="battle-history"><small>A critical hit!</small><br></div><div class="battle-history"><small>(The opposing Gengar lost 100% of its health!)</small><br></div><div class="spacer battle-history"><br></div><div class="battle-history">The opposing Gengar fainted!<br></div><div class="spacer battle-history"><br></div><div class="battle-history"><small>Your team's Reflect wore off!</small><br></div><div class="battle-history"><small>The weirdness disappeared from the battlefield!</small><br></div><div class="spacer battle-history"><br></div><div class="battle-history">MarioLuigiMen4 sent out <strong>Chien-Pao</strong>!<br></div><div class="battle-history">[The opposing Chien-Pao's Sword of Ruin]<br><small>The opposing Chien-Pao's Sword of Ruin weakened the Defense of all surrounding Pokémon!</small><br></div><div class="spacer battle-history"><br></div><h2 class="battle-history">Turn 6</h2><div class="chat"><small> bluefox08 joined</small></div><div class="spacer battle-history"><br></div><div class="battle-history">Dress, come back!<br></div><div class="battle-history">Go! Ornament (<strong>Tapu Lele</strong>)!<br></div><div class="battle-history"><small>Pointed stones dug into Ornament!</small><br></div><div class="battle-history">[Ornament's Psychic Surge]<br><small>The battlefield got weird!</small><br></div><div class="spacer battle-history"><br></div><div class="battle-history">The opposing Chien-Pao used <strong>Sucker Punch</strong>!<br></div><div class="battle-history"><small>But it failed!</small><br></div><div class="spacer battle-history"><br></div><div class="battle-history"><small>Your team's Light Screen wore off!</small><br></div><div class="spacer battle-history"><br></div><h2 class="battle-history">Turn 7</h2><div class="spacer battle-history"><br></div><div class="battle-history">MarioLuigiMen4 withdrew Chien-Pao!<br></div><div class="battle-history">MarioLuigiMen4 sent out <strong>Sandy Shocks</strong>!<br></div><div class="spacer battle-history"><br></div><div class="battle-history">Ornament used <strong>Reflect</strong>!<br></div><div class="battle-history"><small>Reflect made your team stronger against physical moves!</small><br></div><div class="spacer battle-history"><br></div><h2 class="battle-history">Turn 8</h2><div class="spacer battle-history"><br></div><div class="battle-history">Ornament used <strong>Toxic</strong>!<br></div><div class="battle-history"><small>The opposing Sandy Shocks was badly poisoned!</small><br></div><div class="spacer battle-history"><br></div><div class="battle-history">The opposing Sandy Shocks used <strong>Earth Power</strong>!<br></div><div class="battle-history"><small>(Ornament lost 37% of its health!)</small><br></div><div class="spacer battle-history"><br></div><div class="battle-history"><small>The opposing Sandy Shocks was hurt by poison!</small><br></div><div class="battle-history"><small>The twisted dimensions returned to normal!</small><br></div><div class="spacer battle-history"><br></div><h2 class="battle-history">Turn 9</h2><div class="spacer battle-history"><br></div><div class="battle-history">Ornament, come back!<br></div><div class="battle-history">Go! Boomerang (<strong>Toucannon</strong>)!<br></div><div class="battle-history"><small>Pointed stones dug into Boomerang!</small><br></div><div class="spacer battle-history"><br></div><div class="battle-history">The opposing Sandy Shocks used <strong>Earth Power</strong>!<br></div><div class="battle-history"><small>It doesn't affect Boomerang...</small><br></div><div class="spacer battle-history"><br></div><div class="battle-history"><small>The opposing Sandy Shocks was hurt by poison!</small><br></div><div class="spacer battle-history"><br></div><h2 class="battle-history">Turn 10</h2><div class="spacer battle-history"><br></div><div class="battle-history"><small>Boomerang has Terastallized into the Rock-type!</small><br></div><div class="spacer battle-history"><br></div><div class="battle-history">The opposing Sandy Shocks used <strong>Thunderbolt</strong>!<br></div><div class="battle-history"><small>A critical hit!</small><br></div><div class="battle-history"><small>(Boomerang lost 76% of its health!)</small><br></div><div class="spacer battle-history"><br></div><div class="battle-history">Boomerang fainted!<br></div><div class="spacer battle-history"><br></div><div class="battle-history"><small>The opposing Sandy Shocks was hurt by poison!</small><br></div><div class="battle-history"><small>The weirdness disappeared from the battlefield!</small><br></div><div class="chat chatmessage-kingjulian200"><strong style="color:#ab4d21"><small class="groupsymbol">☆</small><span class="username">kingjulian200</span>:</strong> <em>damn</em></div><div class="chat chatmessage-alonzita"><strong style="color:#7b6dcd"><small class="groupsymbol"> </small><span class="username">alonzita</span>:</strong> <em>Huge crit</em></div><div class="chat chatmessage-kingjulian200"><strong style="color:#ab4d21"><small class="groupsymbol">☆</small><span class="username">kingjulian200</span>:</strong> <em>i had expected volt switch</em></div><div class="chat chatmessage-bluefox08"><strong style="color:#ac7346"><small class="groupsymbol"> </small><span class="username">bluefox08</span>:</strong> <em>shit</em></div><div class="chat chatmessage-marioluigimen4"><strong style="color:#2877cb"><small class="groupsymbol">☆</small><span class="username">MarioLuigiMen4</span>:</strong> <em>massive crit for sure</em></div><div class="chat chatmessage-marioluigimen4"><strong style="color:#2877cb"><small class="groupsymbol">☆</small><span class="username">MarioLuigiMen4</span>:</strong> <em>I was gonna but figured you might be defensive to revenge</em></div><div class="chat chatmessage-bluefox08"><strong style="color:#ac7346"><small class="groupsymbol"> </small><span class="username">bluefox08</span>:</strong> <em>I thought it could be scarf</em></div><div class="chat chatmessage-bluefox08"><strong style="color:#ac7346"><small class="groupsymbol"> </small><span class="username">bluefox08</span>:</strong> <em>but massive crit</em></div><div class="spacer battle-history"><br></div><div class="battle-history">Go! Cheese (<strong>Gholdengo</strong>)!<br></div><div class="battle-history"><small>Pointed stones dug into Cheese!</small><br></div><div class="spacer battle-history"><br></div><h2 class="battle-history">Turn 11</h2><div class="spacer battle-history"><br></div><div class="battle-history">The opposing Sandy Shocks used <strong>Volt Switch</strong>!<br></div><div class="battle-history"><small>(Cheese lost 29% of its health!)</small><br></div><div class="spacer battle-history"><br></div><div class="battle-history">The opposing Sandy Shocks went back to MarioLuigiMen4!<br></div><div class="battle-history">MarioLuigiMen4 sent out <strong>Alomomola</strong>!<br></div><div class="spacer battle-history"><br></div><div class="battle-history">Cheese used <strong>Shadow Ball</strong>!<br></div><div class="battle-history"><small>(The opposing Alomomola lost 42% of its health!)</small><br></div><div class="spacer battle-history"><br></div><div class="battle-history"><small>The opposing Alomomola restored a little HP using its Leftovers!</small><br></div><div class="battle-history"><small>Your team's Reflect wore off!</small><br></div><div class="spacer battle-history"><br></div><h2 class="battle-history">Turn 12</h2><div class="spacer battle-history"><br></div><div class="battle-history">Cheese used <strong>Shadow Ball</strong>!<br></div><div class="battle-history"><small>(The opposing Alomomola lost 45% of its health!)</small><br></div><div class="battle-history"><small>The opposing Alomomola's Sp. Def fell!</small><br></div><div class="spacer battle-history"><br></div><div class="battle-history">The opposing Alomomola used <strong>Knock Off</strong>!<br></div><div class="battle-history"><small>It's super effective!</small><br></div><div class="battle-history"><small>(Cheese lost 31% of its health!)</small><br></div><div class="battle-history"><small>The opposing Alomomola knocked off Cheese's Choice Scarf!</small><br></div><div class="spacer battle-history"><br></div><div class="battle-history"><small>The opposing Alomomola restored a little HP using its Leftovers!</small><br></div><div class="spacer battle-history"><br></div><h2 class="battle-history">Turn 13</h2><div class="spacer battle-history"><br></div><div class="battle-history">MarioLuigiMen4 withdrew Alomomola!<br></div><div class="battle-history">MarioLuigiMen4 sent out <strong>Sandy Shocks</strong>!<br></div><div class="spacer battle-history"><br></div><div class="battle-history">Cheese used <strong>Shadow Ball</strong>!<br></div><div class="battle-history"><small>A critical hit!</small><br></div><div class="battle-history"><small>(The opposing Sandy Shocks lost 63% of its health!)</small><br></div><div class="spacer battle-history"><br></div><div class="battle-history">The opposing Sandy Shocks fainted!<br></div><div class="chat"><small> Omey joined</small></div><div class="chat chatmessage-bluefox08"><strong style="color:#ac7346"><small class="groupsymbol"> </small><span class="username">bluefox08</span>:</strong> <em>OHB</em></div><div class="chat chatmessage-bluefox08"><strong style="color:#ac7346"><small class="groupsymbol"> </small><span class="username">bluefox08</span>:</strong> <em>wait</em></div><div class="chat chatmessage-kingjulian200"><strong style="color:#ab4d21"><small class="groupsymbol">☆</small><span class="username">kingjulian200</span>:</strong> <em>holy</em></div><div class="chat chatmessage-bluefox08"><strong style="color:#ac7346"><small class="groupsymbol"> </small><span class="username">bluefox08</span>:</strong> <em>did that matter</em></div><div class="chat chatmessage-marioluigimen4"><strong style="color:#2877cb"><small class="groupsymbol">☆</small><span class="username">MarioLuigiMen4</span>:</strong> <em>and there's the return crit lol</em></div><div class="chat chatmessage-marioluigimen4"><strong style="color:#2877cb"><small class="groupsymbol">☆</small><span class="username">MarioLuigiMen4</span>:</strong> <em>absolutely it did</em></div><div class="chat chatmessage-bluefox08"><strong style="color:#ac7346"><small class="groupsymbol"> </small><span class="username">bluefox08</span>:</strong> <em>yea</em></div><div class="spacer battle-history"><br></div><div class="battle-history">MarioLuigiMen4 sent out <strong>Alakazam</strong>!<br></div><div class="spacer battle-history"><br></div><h2 class="battle-history">Turn 14</h2><div class="spacer battle-history"><br></div><div class="battle-history">Cheese, come back!<br></div><div class="battle-history">Go! Ornament (<strong>Tapu Lele</strong>)!<br></div><div class="battle-history"><small>Pointed stones dug into Ornament!</small><br></div><div class="battle-history">[Ornament's Psychic Surge]<br><small>The battlefield got weird!</small><br></div><div class="spacer battle-history"><br></div><div class="battle-history"><small>The opposing Alakazam's Alakazite is reacting to the Key Stone!</small><br>The opposing Alakazam has Mega Evolved into Mega Alakazam!<br></div><div class="battle-history">[The opposing Alakazam's Trace]<br>[The opposing Alakazam's Psychic Surge]<br><small>The opposing Alakazam traced Ornament's Psychic Surge!</small><br></div><div class="spacer battle-history"><br></div><div class="battle-history">The opposing Alakazam used <strong>Shadow Ball</strong>!<br></div><div class="battle-history"><small>It's super effective!</small><br></div><div class="battle-history"><small>(Ornament lost 4% of its health!)</small><br></div><div class="spacer battle-history"><br></div><div class="battle-history">Ornament fainted!<br></div><div class="spacer battle-history"><br></div><div class="battle-history">Go! Balls (<strong>Cinderace</strong>)!<br></div><div class="battle-history"><small>Pointed stones dug into Balls!</small><br></div><div class="battle-history"><small>(Balls used its Psychic Seed!)</small><br></div><div class="battle-history"><small>The Psychic Seed raised Balls's Sp. Def!</small><br></div><div class="spacer battle-history"><br></div><h2 class="battle-history">Turn 15</h2><div class="chat"><small> Superpanchi joined</small></div><div class="spacer battle-history"><br></div><div class="battle-history">The opposing Alakazam used <strong>Psyshock</strong>!<br></div><div class="battle-history"><small>(Balls lost 75% of its health!)</small><br></div><div class="spacer battle-history"><br></div><div class="battle-history">Balls fainted!<br></div><div class="chat chatmessage-bluefox08"><strong style="color:#ac7346"><small class="groupsymbol"> </small><span class="username">bluefox08</span>:</strong> <em>oh</em></div><div class="chat chatmessage-marioluigimen4"><strong style="color:#2877cb"><small class="groupsymbol">☆</small><span class="username">MarioLuigiMen4</span>:</strong> <em>very cool tech</em></div><div class="chat chatmessage-kingjulian200"><strong style="color:#ab4d21"><small class="groupsymbol">☆</small><span class="username">kingjulian200</span>:</strong> <em>indeed</em></div><div class="chat chatmessage-omey"><strong style="color:#209297"><small class="groupsymbol"> </small><span class="username">Omey</span>:</strong> <em>spoons</em></div><div class="spacer battle-history"><br></div><div class="battle-history">Go! Dress (<strong>Gardevoir-Mega</strong>)!<br></div><div class="battle-history"><small>Pointed stones dug into Dress!</small><br></div><div class="spacer battle-history"><br></div><h2 class="battle-history">Turn 16</h2><div class="chat chatmessage-marioluigimen4"><strong style="color:#2877cb"><small class="groupsymbol">☆</small><span class="username">MarioLuigiMen4</span>:</strong> <em>elder spoon at it again</em></div><div class="chat chatmessage-bluefox08"><strong style="color:#ac7346"><small class="groupsymbol"> </small><span class="username">bluefox08</span>:</strong> <em>yea super cool</em></div><div class="spacer battle-history"><br></div><div class="battle-history">The opposing Alakazam used <strong>Shadow Ball</strong>!<br></div><div class="battle-history"><small>It's super effective!</small><br></div><div class="battle-history"><small>(Dress lost 37% of its health!)</small><br></div><div class="spacer battle-history"><br></div><div class="battle-history">Dress fainted!<br></div><div class="spacer battle-history"><br></div><div class="battle-history">Go! Blades (<strong>Bisharp</strong>)!<br></div><div class="battle-history"><small>Pointed stones dug into Blades!</small><br></div><div class="spacer battle-history"><br></div><h2 class="battle-history">Turn 17</h2><div class="spacer battle-history"><br></div><div class="battle-history">The opposing Alakazam used <strong>Dazzling Gleam</strong>!<br></div><div class="battle-history"><small>(Blades lost 30% of its health!)</small><br></div><div class="spacer battle-history"><br></div><div class="battle-history">Blades used <strong>Knock Off</strong>!<br></div><div class="battle-history"><small>It's super effective!</small><br></div><div class="battle-history"><small>(The opposing Alakazam lost 100% of its health!)</small><br></div><div class="spacer battle-history"><br></div><div class="battle-history">The opposing Alakazam fainted!<br></div><div class="chat chatmessage-kingjulian200"><strong style="color:#ab4d21"><small class="groupsymbol">☆</small><span class="username">kingjulian200</span>:</strong> <em>no focus miss?</em></div><div class="chat chatmessage-alonzita"><strong style="color:#7b6dcd"><small class="groupsymbol"> </small><span class="username">alonzita</span>:</strong> <em>Stunned no focus miss ngl</em></div><div class="chat chatmessage-bluefox08"><strong style="color:#ac7346"><small class="groupsymbol"> </small><span class="username">bluefox08</span>:</strong> <em>oh</em></div><div class="chat chatmessage-bluefox08"><strong style="color:#ac7346"><small class="groupsymbol"> </small><span class="username">bluefox08</span>:</strong> <em>so gardevoir sack</em></div><div class="chat chatmessage-alonzita"><strong style="color:#7b6dcd"><small class="groupsymbol"> </small><span class="username">alonzita</span>:</strong> <em>Tbf he probs did more damage this way 😂</em></div><div class="chat chatmessage-bluefox08"><strong style="color:#ac7346"><small class="groupsymbol"> </small><span class="username">bluefox08</span>:</strong> <em>for nothing</em></div><div class="spacer battle-history"><br></div><div class="battle-history">MarioLuigiMen4 sent out <strong>Chien-Pao</strong>!<br></div><div class="battle-history">[The opposing Chien-Pao's Sword of Ruin]<br><small>The opposing Chien-Pao's Sword of Ruin weakened the Defense of all surrounding Pokémon!</small><br></div><div class="spacer battle-history"><br></div><h2 class="battle-history">Turn 18</h2><div class="chat chatmessage-superpanchi"><strong style="color:#2f7ba7"><small class="groupsymbol"> </small><span class="username">Superpanchi</span>:</strong> <em>No sucker punch there is big ball play tho</em></div><div class="chat chatmessage-bluefox08"><strong style="color:#ac7346"><small class="groupsymbol"> </small><span class="username">bluefox08</span>:</strong> <em>fr</em></div><div class="spacer battle-history"><br></div><div class="battle-history">The opposing Chien-Pao used <strong>Sacred Sword</strong>!<br></div><div class="battle-history"><small>It's super effective!</small><br></div><div class="battle-history"><small>(Blades lost 64% of its health!)</small><br></div><div class="spacer battle-history"><br></div><div class="battle-history">Blades fainted!<br></div><div class="battle-history"><small>The opposing Chien-Pao lost some of its HP!</small><br></div><div class="spacer battle-history"><br></div><div class="battle-history"><small>The weirdness disappeared from the battlefield!</small><br></div><div class="chat chatmessage-superpanchi"><strong style="color:#2f7ba7"><small class="groupsymbol"> </small><span class="username">Superpanchi</span>:</strong> <em>Like you knew focus blast would miss</em></div><div class="spacer battle-history"><br></div><div class="battle-history">Go! Cheese (<strong>Gholdengo</strong>)!<br></div><div class="battle-history"><small>Pointed stones dug into Cheese!</small><br></div><div class="spacer battle-history"><br></div><h2 class="battle-history">Turn 19</h2><div class="chat chatmessage-alonzita"><strong style="color:#7b6dcd"><small class="groupsymbol"> </small><span class="username">alonzita</span>:</strong> <em>Terrain is up</em></div><div class="chat chatmessage-alonzita"><strong style="color:#7b6dcd"><small class="groupsymbol"> </small><span class="username">alonzita</span>:</strong> <em>Cant hit prio</em></div><div class="chat chatmessage-bluefox08"><strong style="color:#ac7346"><small class="groupsymbol"> </small><span class="username">bluefox08</span>:</strong> <em>oh yea</em></div><div class="chat chatmessage-superpanchi"><strong style="color:#2f7ba7"><small class="groupsymbol"> </small><span class="username">Superpanchi</span>:</strong> <em>Ok fine maybe im dumb</em></div><div class="spacer battle-history"><br></div><div class="battle-history">The opposing Chien-Pao used <strong>Sucker Punch</strong>!<br></div><div class="battle-history"><small>It's super effective!</small><br></div><div class="battle-history"><small>(Cheese lost 28% of its health!)</small><br></div><div class="spacer battle-history"><br></div><div class="battle-history">Cheese fainted!<br></div><div class="battle-history"><small>The opposing Chien-Pao lost some of its HP!</small><br></div><div class="spacer battle-history"><br></div><div class="battle-history"><strong>MarioLuigiMen4</strong> won the battle!<br></div><div class="chat chatmessage-superpanchi"><strong style="color:#2f7ba7"><small class="groupsymbol"> </small><span class="username">Superpanchi</span>:</strong> <em>Happy?</em></div><div class="chat chatmessage-alonzita"><strong style="color:#7b6dcd"><small class="groupsymbol"> </small><span class="username">alonzita</span>:</strong> <em>Loll</em></div><div class="chat chatmessage-marioluigimen4"><strong style="color:#2877cb"><small class="groupsymbol">☆</small><span class="username">MarioLuigiMen4</span>:</strong> <em>ggs!</em></div><div class="chat chatmessage-kingjulian200"><strong style="color:#ab4d21"><small class="groupsymbol">☆</small><span class="username">kingjulian200</span>:</strong> <em>ggs</em></div><div class="chat chatmessage-alonzita"><strong style="color:#7b6dcd"><small class="groupsymbol"> </small><span class="username">alonzita</span>:</strong> <em>Theres the sucker</em></div><div class="chat chatmessage-marioluigimen4"><strong style="color:#2877cb"><small class="groupsymbol">☆</small><span class="username">MarioLuigiMen4</span>:</strong> <em>very fun one</em></div></div><div class="inner-preempt message-log"></div></div></div>
</div>
<script>
let daily = Math.floor(Date.now()/1000/60/60/24);document.write('<script src="https://play.pokemonshowdown.com/js/replay-embed.js?version'+daily+'"></'+'script>');
</script>
