<!DOCTYPE html>
<meta charset="utf-8" />
<!-- version 1 -->
<title>[Gen 9] NatDex Draft replay: bluefox08 vs. kingjulian200</title>
<style>
html,body {font-family:Verdana, sans-serif;font-size:10pt;margin:0;padding:0;}body{padding:12px 0;} .battle-log {font-family:Verdana, sans-serif;font-size:10pt;} .battle-log-inline {border:1px solid #AAAAAA;background:#EEF2F5;color:black;max-width:640px;margin:0 auto 80px;padding-bottom:5px;} .battle-log .inner {padding:4px 8px 0px 8px;} .battle-log .inner-preempt {padding:0 8px 4px 8px;} .battle-log .inner-after {margin-top:0.5em;} .battle-log h2 {margin:0.5em -8px;padding:4px 8px;border:1px solid #AAAAAA;background:#E0E7EA;border-left:0;border-right:0;font-family:Verdana, sans-serif;font-size:13pt;} .battle-log .chat {vertical-align:middle;padding:3px 0 3px 0;font-size:8pt;} .battle-log .chat strong {color:#40576A;} .battle-log .chat em {padding:1px 4px 1px 3px;color:#000000;font-style:normal;} .chat.mine {background:rgba(0,0,0,0.05);margin-left:-8px;margin-right:-8px;padding-left:8px;padding-right:8px;} .spoiler {color:#BBBBBB;background:#BBBBBB;padding:0px 3px;} .spoiler:hover, .spoiler:active, .spoiler-shown {color:#000000;background:#E2E2E2;padding:0px 3px;} .spoiler a {color:#BBBBBB;} .spoiler:hover a, .spoiler:active a, .spoiler-shown a {color:#2288CC;} .chat code, .chat .spoiler:hover code, .chat .spoiler:active code, .chat .spoiler-shown code {border:1px solid #C0C0C0;background:#EEEEEE;color:black;padding:0 2px;} .chat .spoiler code {border:1px solid #CCCCCC;background:#CCCCCC;color:#CCCCCC;} .battle-log .rated {padding:3px 4px;} .battle-log .rated strong {color:white;background:#89A;padding:1px 4px;border-radius:4px;} .spacer {margin-top:0.5em;} .message-announce {background:#6688AA;color:white;padding:1px 4px 2px;} .message-announce a, .broadcast-green a, .broadcast-blue a, .broadcast-red a {color:#DDEEFF;} .broadcast-green {background-color:#559955;color:white;padding:2px 4px;} .broadcast-blue {background-color:#6688AA;color:white;padding:2px 4px;} .infobox {border:1px solid #6688AA;padding:2px 4px;} .infobox-limited {max-height:200px;overflow:auto;overflow-x:hidden;} .broadcast-red {background-color:#AA5544;color:white;padding:2px 4px;} .message-learn-canlearn {font-weight:bold;color:#228822;text-decoration:underline;} .message-learn-cannotlearn {font-weight:bold;color:#CC2222;text-decoration:underline;} .message-effect-weak {font-weight:bold;color:#CC2222;} .message-effect-resist {font-weight:bold;color:#6688AA;} .message-effect-immune {font-weight:bold;color:#666666;} .message-learn-list {margin-top:0;margin-bottom:0;} .message-throttle-notice, .message-error {color:#992222;} .message-overflow, .chat small.message-overflow {font-size:0pt;} .message-overflow::before {font-size:9pt;content:'...';} .subtle {color:#3A4A66;}
</style>
<div class="wrapper replay-wrapper" style="max-width:1180px;margin:0 auto">
<input type="hidden" name="replayid" value="gen9natdexdraft-2370382913" />
<div class="battle"></div><div class="battle-log"></div><div class="replay-controls"></div><div class="replay-controls-2"></div>
<h1 style="font-weight:normal;text-align:center"><strong>[Gen 9] NatDex Draft</strong><br /><a href="http://pokemonshowdown.com/users/bluefox08" class="subtle" target="_blank">bluefox08</a> vs. <a href="http://pokemonshowdown.com/users/kingjulian200" class="subtle" target="_blank">kingjulian200</a></h1>
<script type="text/plain" class="battle-log-data">
|j|☆bluefox08
|j|☆kingjulian200
|t:|1748019600
|gametype|singles
|player|p1|bluefox08|ethan|
|player|p2|kingjulian200|n|
|teamsize|p1|6
|teamsize|p2|6
|gen|9
|tier|[Gen 9] NatDex Draft
|rule|Sleep Clause Mod: Limit one foe put to sleep
|rule|OHKO Clause: OHKO moves are banned
|rule|Evasion Clause: Evasion abilities, items, and moves are banned
|rule|Evasion Abilities Clause: Evasion abilities are banned
|rule|Evasion Items Clause: Evasion items are banned
|rule|Evasion Moves Clause: Evasion moves are banned
|rule|Endless Battle Clause: Forcing endless battles is banned
|rule|HP Percentage Mod: HP is shown in percentages
|clearpoke
|poke|p1|Regieleki|
|poke|p1|Lopunny, F|
|poke|p1|Exeggutor-Alola, F|
|poke|p1|Scizor, M|
|poke|p1|Tsareena, F|
|poke|p1|Tapu Fini|
|poke|p2|Dusclops, M|
|poke|p2|Toucannon, F|
|poke|p2|Gardevoir, M|
|poke|p2|Cinderace, M|
|poke|p2|Tapu Lele|
|poke|p2|Latias, F|
|teampreview
|
|t:|1748019626
|start
|switch|p1a: Tsareena|Tsareena, F|100\/100
|switch|p2a: F1|Cinderace, M|100\/100
|turn|1
|
|t:|1748019633
|switch|p1a: Tapu Fini|Tapu Fini|100\/100
|-fieldstart|move: Misty Terrain|[from] ability: Misty Surge|[of] p1a: Tapu Fini
|move|p2a: F1|U-turn|p1a: Tapu Fini
|-start|p2a: F1|typechange|Bug|[from] ability: Libero
|-resisted|p1a: Tapu Fini
|-damage|p1a: Tapu Fini|85\/100
|
|t:|1748019661
|switch|p2a: Range Rover|Dusclops, M|100\/100|[from] U-turn
|-item|p1a: Tapu Fini|Leftovers|[from] ability: Frisk|[of] p2a: Range Rover
|
|-heal|p1a: Tapu Fini|91\/100|[from] item: Leftovers
|upkeep
|turn|2
|
|t:|1748019676
|switch|p1a: Exeggutor|Exeggutor-Alola, F|100\/100
|-item|p2a: Range Rover|Eviolite|[from] ability: Frisk|[of] p1a: Exeggutor
|move|p2a: Range Rover|Trick Room|p2a: Range Rover
|-fieldstart|move: Trick Room|[of] p2a: Range Rover
|
|upkeep
|turn|3
|
|t:|1748019718
|switch|p2a: Kia Soul|Tapu Lele|100\/100
|-fieldstart|move: Psychic Terrain|[from] ability: Psychic Surge|[of] p2a: Kia Soul
|move|p1a: Exeggutor|Toxic|p2a: Kia Soul
|-status|p2a: Kia Soul|tox
|
|-damage|p2a: Kia Soul|94\/100 tox|[from] psn
|upkeep
|turn|4
|
|t:|1748019734
|switch|p1a: Scizor|Scizor, M|100\/100
|move|p2a: Kia Soul|Calm Mind|p2a: Kia Soul
|-boost|p2a: Kia Soul|spa|1
|-boost|p2a: Kia Soul|spd|1
|
|-heal|p2a: Kia Soul|100\/100 tox|[from] item: Leftovers
|-damage|p2a: Kia Soul|88\/100 tox|[from] psn
|upkeep
|turn|5
|
|t:|1748019758
|move|p2a: Kia Soul|Psychic|p1a: Scizor
|-resisted|p1a: Scizor
|-damage|p1a: Scizor|39\/100
|-enditem|p1a: Scizor|Sitrus Berry|[eat]
|-heal|p1a: Scizor|64\/100|[from] item: Sitrus Berry
|move|p1a: Scizor|Knock Off|p2a: Kia Soul
|-damage|p2a: Kia Soul|47\/100 tox
|-enditem|p2a: Kia Soul|Leftovers|[from] move: Knock Off|[of] p1a: Scizor
|
|-damage|p2a: Kia Soul|29\/100 tox|[from] psn
|upkeep
|turn|6
|
|t:|1748019768
|move|p2a: Kia Soul|Psychic|p1a: Scizor
|-resisted|p1a: Scizor
|-damage|p1a: Scizor|1\/100
|move|p1a: Scizor|Agility|p1a: Scizor
|-boost|p1a: Scizor|spe|2
|
|-damage|p2a: Kia Soul|5\/100 tox|[from] psn
|-fieldend|move: Trick Room
|upkeep
|turn|7
|
|t:|1748019814
|switch|p2a: A10 Warthog|Latias, F|100\/100
|move|p1a: Scizor|Knock Off|p2a: A10 Warthog
|-supereffective|p2a: A10 Warthog
|-damage|p2a: A10 Warthog|42\/100
|-enditem|p2a: A10 Warthog|Weakness Policy
|-boost|p2a: A10 Warthog|atk|2|[from] item: Weakness Policy
|-boost|p2a: A10 Warthog|spa|2|[from] item: Weakness Policy
|
|-fieldend|move: Psychic Terrain
|upkeep
|turn|8
|
|t:|1748019824
|move|p1a: Scizor|Knock Off|p2a: A10 Warthog
|-supereffective|p2a: A10 Warthog
|-damage|p2a: A10 Warthog|2\/100
|move|p2a: A10 Warthog|Stored Power|p1a: Scizor
|-resisted|p1a: Scizor
|-crit|p1a: Scizor
|-damage|p1a: Scizor|0 fnt
|faint|p1a: Scizor
|
|upkeep
|
|t:|1748019838
|switch|p1a: Lopunny|Lopunny, F|100\/100
|turn|9
|
|t:|1748019853
|detailschange|p1a: Lopunny|Lopunny-Mega, F
|-mega|p1a: Lopunny|Lopunny|Lopunnite
|move|p1a: Lopunny|U-turn|p2a: A10 Warthog
|-supereffective|p2a: A10 Warthog
|-damage|p2a: A10 Warthog|0 fnt
|faint|p2a: A10 Warthog
|
|t:|1748019858
|switch|p1a: Tsareena|Tsareena, F|100\/100|[from] U-turn
|
|upkeep
|
|t:|1748019866
|switch|p2a: F1|Cinderace, M|100\/100
|turn|10
|
|t:|1748019883
|switch|p1a: Lopunny|Lopunny-Mega, F|100\/100
|move|p2a: F1|Pyro Ball|p1a: Lopunny
|-damage|p1a: Lopunny|21\/100
|
|upkeep
|turn|11
|
|t:|1748019896
|move|p1a: Lopunny|Close Combat|p2a: F1
|-damage|p2a: F1|20\/100
|-unboost|p1a: Lopunny|def|1
|-unboost|p1a: Lopunny|spd|1
|move|p2a: F1|U-turn|p1a: Lopunny
|-start|p2a: F1|typechange|Bug|[from] ability: Libero
|-resisted|p1a: Lopunny
|-damage|p1a: Lopunny|0 fnt
|faint|p1a: Lopunny
|detailschange|p1: Lopunny|Lopunny, F|[silent]
|
|t:|1748019906
|switch|p2a: Range Rover|Dusclops, M|100\/100|[from] U-turn
|
|upkeep
|
|t:|1748019910
|switch|p1a: Tsareena|Tsareena, F|100\/100
|turn|12
|
|t:|1748019935
|switch|p2a: Kia Soul|Tapu Lele|5\/100 tox
|-fieldstart|move: Psychic Terrain|[from] ability: Psychic Surge|[of] p2a: Kia Soul
|move|p1a: Tsareena|Knock Off|p2a: Kia Soul
|-damage|p2a: Kia Soul|0 fnt
|faint|p2a: Kia Soul
|
|upkeep
|
|t:|1748019942
|switch|p2a: F1|Cinderace, M|20\/100
|turn|13
|
|t:|1748019945
|switch|p1a: Tapu Fini|Tapu Fini|91\/100
|-fieldstart|move: Misty Terrain|[from] ability: Misty Surge|[of] p1a: Tapu Fini
|move|p2a: F1|Pyro Ball|p1a: Tapu Fini
|-resisted|p1a: Tapu Fini
|-damage|p1a: Tapu Fini|65\/100
|
|-heal|p1a: Tapu Fini|71\/100|[from] item: Leftovers
|upkeep
|turn|14
|
|t:|1748019971
|move|p2a: F1|U-turn|p1a: Tapu Fini
|-start|p2a: F1|typechange|Bug|[from] ability: Libero
|-resisted|p1a: Tapu Fini
|-damage|p1a: Tapu Fini|58\/100
|
|t:|1748019978
|switch|p2a: Range Rover|Dusclops, M|100\/100|[from] U-turn
|-item|p1a: Tapu Fini|Leftovers|[from] ability: Frisk|[of] p2a: Range Rover
|move|p1a: Tapu Fini|Surf|p2a: Range Rover
|-damage|p2a: Range Rover|83\/100
|
|-heal|p1a: Tapu Fini|64\/100|[from] item: Leftovers
|upkeep
|turn|15
|
|t:|1748019987
|move|p1a: Tapu Fini|Calm Mind|p1a: Tapu Fini
|-boost|p1a: Tapu Fini|spa|1
|-boost|p1a: Tapu Fini|spd|1
|move|p2a: Range Rover|Trick Room|p2a: Range Rover
|-fieldstart|move: Trick Room|[of] p2a: Range Rover
|
|-heal|p1a: Tapu Fini|70\/100|[from] item: Leftovers
|upkeep
|turn|16
|
|t:|1748020011
|switch|p2a: Caproni Stipa|Toucannon, F|100\/100
|move|p1a: Tapu Fini|Calm Mind|p1a: Tapu Fini
|-boost|p1a: Tapu Fini|spa|1
|-boost|p1a: Tapu Fini|spd|1
|
|-heal|p1a: Tapu Fini|76\/100|[from] item: Leftovers
|upkeep
|turn|17
|
|t:|1748020037
|-terastallize|p2a: Caproni Stipa|Stellar
|move|p2a: Caproni Stipa|Drill Peck|p1a: Tapu Fini
|-damage|p1a: Tapu Fini|21\/100
|-damage|p2a: Caproni Stipa|91\/100|[from] item: Life Orb
|move|p1a: Tapu Fini|Ice Beam|p2a: Caproni Stipa
|-supereffective|p2a: Caproni Stipa
|-damage|p2a: Caproni Stipa|7\/100
|
|-heal|p1a: Tapu Fini|27\/100|[from] item: Leftovers
|-fieldend|Misty Terrain
|upkeep
|turn|18
|
|t:|1748020052
|move|p2a: Caproni Stipa|Facade|p1a: Tapu Fini
|-damage|p1a: Tapu Fini|0 fnt
|faint|p1a: Tapu Fini
|-damage|p2a: Caproni Stipa|0 fnt|[from] item: Life Orb
|faint|p2a: Caproni Stipa
|
|upkeep
|
|t:|1748020062
|switch|p2a: Toyota Crown|Gardevoir, M|100\/100
|switch|p1a: Exeggutor|Exeggutor-Alola, F|100\/100
|-item|p2a: Toyota Crown|Gardevoirite|[from] ability: Frisk|[of] p1a: Exeggutor
|turn|19
|
|t:|1748020072
|detailschange|p2a: Toyota Crown|Gardevoir-Mega, M
|-mega|p2a: Toyota Crown|Gardevoir|Gardevoirite
|move|p1a: Exeggutor|Toxic|p2a: Toyota Crown
|-status|p2a: Toyota Crown|tox
|move|p2a: Toyota Crown|Hyper Voice|p1a: Exeggutor
|-supereffective|p1a: Exeggutor
|-damage|p1a: Exeggutor|4\/100
|
|-heal|p1a: Exeggutor|10\/100|[from] item: Leftovers
|-damage|p2a: Toyota Crown|94\/100 tox|[from] psn
|-fieldend|move: Trick Room
|upkeep
|turn|20
|
|t:|1748020084
|move|p2a: Toyota Crown|Hyper Voice|p1a: Exeggutor
|-supereffective|p1a: Exeggutor
|-crit|p1a: Exeggutor
|-damage|p1a: Exeggutor|0 fnt
|faint|p1a: Exeggutor
|
|-damage|p2a: Toyota Crown|82\/100 tox|[from] psn
|upkeep
|
|t:|1748020090
|switch|p1a: Tsareena|Tsareena, F|100\/100
|turn|21
|
|t:|1748020103
|-terastallize|p1a: Tsareena|Grass
|move|p1a: Tsareena|Power Whip|p2a: Toyota Crown
|-damage|p2a: Toyota Crown|0 fnt
|faint|p2a: Toyota Crown
|detailschange|p2: Toyota Crown|Gardevoir, M|[silent]
|
|upkeep
|
|t:|1748020110
|switch|p2a: F1|Cinderace, M|20\/100
|turn|22
|
|t:|1748020114
|move|p2a: F1|Pyro Ball|p1a: Tsareena
|-supereffective|p1a: Tsareena
|-damage|p1a: Tsareena|0 fnt
|faint|p1a: Tsareena
|
|upkeep
|
|t:|1748020118
|switch|p1a: Regieleki|Regieleki|100\/100
|turn|23
|
|t:|1748020131
|move|p1a: Regieleki|Thunderbolt|p2a: F1
|-damage|p2a: F1|0 fnt
|faint|p2a: F1
|
|upkeep
|
|t:|1748020134
|switch|p2a: Range Rover|Dusclops, M|83\/100
|-item|p1a: Regieleki|Magnet|[from] ability: Frisk|[of] p2a: Range Rover
|turn|24
|
|t:|1748020139
|move|p1a: Regieleki|Charge|p1a: Regieleki
|-boost|p1a: Regieleki|spd|1
|-start|p1a: Regieleki|Charge
|move|p2a: Range Rover|Shadow Ball|p1a: Regieleki
|-damage|p1a: Regieleki|75\/100
|
|upkeep
|turn|25
|
|t:|1748020145
|move|p1a: Regieleki|Thunderbolt|p2a: Range Rover
|-damage|p2a: Range Rover|14\/100
|-end|p1a: Regieleki|Charge|[silent]
|move|p2a: Range Rover|Shadow Ball|p1a: Regieleki
|-damage|p1a: Regieleki|51\/100
|-unboost|p1a: Regieleki|spd|1
|
|upkeep
|turn|26
|c|☆bluefox08|gg
|
|t:|1748020152
|move|p1a: Regieleki|Thunderbolt|p2a: Range Rover
|-damage|p2a: Range Rover|0 fnt
|faint|p2a: Range Rover
|
|win|bluefox08
|c|☆kingjulian200|gg

</script>
</div>
<div class="battle-log battle-log-inline"><div class="inner"><div class="battle-options"></div><div class="inner message-log"><div class="chat"><small>☆bluefox08 and ☆kingjulian200 joined</small></div><div class=""><small>Format:</small> <br><strong>[Gen 9] NatDex Draft</strong></div><div class=""><small><em>Sleep Clause Mod:</em> Limit one foe put to sleep</small></div><div class=""><small><em>OHKO Clause:</em> OHKO moves are banned</small></div><div class=""><small><em>Evasion Clause:</em> Evasion abilities, items, and moves are banned</small></div><div class=""><small><em>Evasion Abilities Clause:</em> Evasion abilities are banned</small></div><div class=""><small><em>Evasion Items Clause:</em> Evasion items are banned</small></div><div class=""><small><em>Evasion Moves Clause:</em> Evasion moves are banned</small></div><div class=""><small><em>Endless Battle Clause:</em> Forcing endless battles is banned</small></div><div class=""><small><em>HP Percentage Mod:</em> HP is shown in percentages</small></div><div class="chat battle-history"><strong>bluefox08's team:</strong> <em style="color:#445566;display:block;">Regieleki / Lopunny / Exeggutor-Alola / Scizor / Tsareena / Tapu Fini</em></div><div class="chat battle-history"><strong>kingjulian200's team:</strong> <em style="color:#445566;display:block;">Dusclops / Toucannon / Gardevoir / Cinderace / Tapu Lele / Latias</em></div><div class="spacer battle-history"><br></div><div class="battle-history">Battle started between bluefox08 and kingjulian200!<br></div><div class="spacer battle-history"><br></div><div class="battle-history">Go! <strong>Tsareena</strong>!<br></div><div class="spacer battle-history"><br></div><div class="battle-history">kingjulian200 sent out F1 (<strong>Cinderace</strong>)!<br></div><div class="spacer battle-history"><br></div><h2 class="battle-history">Turn 1</h2><div class="spacer battle-history"><br></div><div class="battle-history">Tsareena, come back!<br></div><div class="battle-history">Go! <strong>Tapu Fini</strong>!<br></div><div class="battle-history">[Tapu Fini's Misty Surge]<br><small>Mist swirled around the battlefield!</small><br></div><div class="spacer battle-history"><br></div><div class="battle-history">The opposing F1 used <strong>U-turn</strong>!<br></div><div class="battle-history">[The opposing F1's Libero]<br><small>The opposing F1's type changed to Bug!</small><br></div><div class="battle-history"><small>It's not very effective...</small><br></div><div class="battle-history"><small>(Tapu Fini lost 15% of its health!)</small><br></div><div class="spacer battle-history"><br></div><div class="battle-history">The opposing F1 went back to kingjulian200!<br></div><div class="battle-history">kingjulian200 sent out Range Rover (<strong>Dusclops</strong>)!<br></div><div class="battle-history">[The opposing Range Rover's Frisk]<br><small>The opposing Range Rover frisked Tapu Fini and found its Leftovers!</small><br></div><div class="spacer battle-history"><br></div><div class="battle-history"><small>Tapu Fini restored a little HP using its Leftovers!</small><br></div><div class="spacer battle-history"><br></div><h2 class="battle-history">Turn 2</h2><div class="spacer battle-history"><br></div><div class="battle-history">Tapu Fini, come back!<br></div><div class="battle-history">Go! Exeggutor (<strong>Exeggutor-Alola</strong>)!<br></div><div class="battle-history">[Exeggutor's Frisk]<br><small>Exeggutor frisked the opposing Range Rover and found its Eviolite!</small><br></div><div class="spacer battle-history"><br></div><div class="battle-history">The opposing Range Rover used <strong>Trick Room</strong>!<br></div><div class="battle-history"><small>The opposing Range Rover twisted the dimensions!</small><br></div><div class="spacer battle-history"><br></div><h2 class="battle-history">Turn 3</h2><div class="spacer battle-history"><br></div><div class="battle-history">kingjulian200 withdrew Range Rover!<br></div><div class="battle-history">kingjulian200 sent out Kia Soul (<strong>Tapu Lele</strong>)!<br></div><div class="battle-history">[The opposing Kia Soul's Psychic Surge]<br><small>The battlefield got weird!</small><br></div><div class="spacer battle-history"><br></div><div class="battle-history">Exeggutor used <strong>Toxic</strong>!<br></div><div class="battle-history"><small>The opposing Kia Soul was badly poisoned!</small><br></div><div class="spacer battle-history"><br></div><div class="battle-history"><small>The opposing Kia Soul was hurt by poison!</small><br></div><div class="spacer battle-history"><br></div><h2 class="battle-history">Turn 4</h2><div class="spacer battle-history"><br></div><div class="battle-history">Exeggutor, come back!<br></div><div class="battle-history">Go! <strong>Scizor</strong>!<br></div><div class="spacer battle-history"><br></div><div class="battle-history">The opposing Kia Soul used <strong>Calm Mind</strong>!<br></div><div class="battle-history"><small>The opposing Kia Soul's Sp. Atk rose!</small><br></div><div class="battle-history"><small>The opposing Kia Soul's Sp. Def rose!</small><br></div><div class="spacer battle-history"><br></div><div class="battle-history"><small>The opposing Kia Soul restored a little HP using its Leftovers!</small><br></div><div class="battle-history"><small>The opposing Kia Soul was hurt by poison!</small><br></div><div class="spacer battle-history"><br></div><h2 class="battle-history">Turn 5</h2><div class="spacer battle-history"><br></div><div class="battle-history">The opposing Kia Soul used <strong>Psychic</strong>!<br></div><div class="battle-history"><small>It's not very effective...</small><br></div><div class="battle-history"><small>(Scizor lost 61% of its health!)</small><br></div><div class="battle-history"><small>(Scizor ate its Sitrus Berry!)</small><br></div><div class="battle-history"><small>Scizor restored HP using its Sitrus Berry!</small><br></div><div class="spacer battle-history"><br></div><div class="battle-history">Scizor used <strong>Knock Off</strong>!<br></div><div class="battle-history"><small>(The opposing Kia Soul lost 41% of its health!)</small><br></div><div class="battle-history"><small>Scizor knocked off the opposing Kia Soul's Leftovers!</small><br></div><div class="spacer battle-history"><br></div><div class="battle-history"><small>The opposing Kia Soul was hurt by poison!</small><br></div><div class="spacer battle-history"><br></div><h2 class="battle-history">Turn 6</h2><div class="spacer battle-history"><br></div><div class="battle-history">The opposing Kia Soul used <strong>Psychic</strong>!<br></div><div class="battle-history"><small>It's not very effective...</small><br></div><div class="battle-history"><small>(Scizor lost 63% of its health!)</small><br></div><div class="spacer battle-history"><br></div><div class="battle-history">Scizor used <strong>Agility</strong>!<br></div><div class="battle-history"><small>Scizor's Speed rose sharply!</small><br></div><div class="spacer battle-history"><br></div><div class="battle-history"><small>The opposing Kia Soul was hurt by poison!</small><br></div><div class="battle-history"><small>The twisted dimensions returned to normal!</small><br></div><div class="spacer battle-history"><br></div><h2 class="battle-history">Turn 7</h2><div class="spacer battle-history"><br></div><div class="battle-history">kingjulian200 withdrew Kia Soul!<br></div><div class="battle-history">kingjulian200 sent out A10 Warthog (<strong>Latias</strong>)!<br></div><div class="spacer battle-history"><br></div><div class="battle-history">Scizor used <strong>Knock Off</strong>!<br></div><div class="battle-history"><small>It's super effective!</small><br></div><div class="battle-history"><small>(The opposing A10 Warthog lost 58% of its health!)</small><br></div><div class="battle-history"><small>(The opposing A10 Warthog used its Weakness Policy!)</small><br></div><div class="battle-history"><small>The Weakness Policy sharply raised the opposing A10 Warthog's Attack!</small><br></div><div class="battle-history"><small>The Weakness Policy sharply raised the opposing A10 Warthog's Sp. Atk!</small><br></div><div class="spacer battle-history"><br></div><div class="battle-history"><small>The weirdness disappeared from the battlefield!</small><br></div><div class="spacer battle-history"><br></div><h2 class="battle-history">Turn 8</h2><div class="spacer battle-history"><br></div><div class="battle-history">Scizor used <strong>Knock Off</strong>!<br></div><div class="battle-history"><small>It's super effective!</small><br></div><div class="battle-history"><small>(The opposing A10 Warthog lost 40% of its health!)</small><br></div><div class="spacer battle-history"><br></div><div class="battle-history">The opposing A10 Warthog used <strong>Stored Power</strong>!<br></div><div class="battle-history"><small>It's not very effective...</small><br></div><div class="battle-history"><small>A critical hit!</small><br></div><div class="battle-history"><small>(Scizor lost 1% of its health!)</small><br></div><div class="spacer battle-history"><br></div><div class="battle-history">Scizor fainted!<br></div><div class="spacer battle-history"><br></div><div class="battle-history">Go! <strong>Lopunny</strong>!<br></div><div class="spacer battle-history"><br></div><h2 class="battle-history">Turn 9</h2><div class="spacer battle-history"><br></div><div class="battle-history"><small>Lopunny's Lopunnite is reacting to the Key Stone!</small><br>Lopunny has Mega Evolved into Mega Lopunny!<br></div><div class="spacer battle-history"><br></div><div class="battle-history">Lopunny used <strong>U-turn</strong>!<br></div><div class="battle-history"><small>It's super effective!</small><br></div><div class="battle-history"><small>(The opposing A10 Warthog lost 2% of its health!)</small><br></div><div class="spacer battle-history"><br></div><div class="battle-history">The opposing A10 Warthog fainted!<br></div><div class="spacer battle-history"><br></div><div class="battle-history">Lopunny went back to bluefox08!<br></div><div class="battle-history">Go! <strong>Tsareena</strong>!<br></div><div class="spacer battle-history"><br></div><div class="battle-history">kingjulian200 sent out F1 (<strong>Cinderace</strong>)!<br></div><div class="spacer battle-history"><br></div><h2 class="battle-history">Turn 10</h2><div class="spacer battle-history"><br></div><div class="battle-history">Tsareena, come back!<br></div><div class="battle-history">Go! Lopunny (<strong>Lopunny-Mega</strong>)!<br></div><div class="spacer battle-history"><br></div><div class="battle-history">The opposing F1 used <strong>Pyro Ball</strong>!<br></div><div class="battle-history"><small>(Lopunny lost 79% of its health!)</small><br></div><div class="spacer battle-history"><br></div><h2 class="battle-history">Turn 11</h2><div class="spacer battle-history"><br></div><div class="battle-history">Lopunny used <strong>Close Combat</strong>!<br></div><div class="battle-history"><small>(The opposing F1 lost 80% of its health!)</small><br></div><div class="battle-history"><small>Lopunny's Defense fell!</small><br></div><div class="battle-history"><small>Lopunny's Sp. Def fell!</small><br></div><div class="spacer battle-history"><br></div><div class="battle-history">The opposing F1 used <strong>U-turn</strong>!<br></div><div class="battle-history">[The opposing F1's Libero]<br><small>The opposing F1's type changed to Bug!</small><br></div><div class="battle-history"><small>It's not very effective...</small><br></div><div class="battle-history"><small>(Lopunny lost 21% of its health!)</small><br></div><div class="spacer battle-history"><br></div><div class="battle-history">Lopunny fainted!<br></div><div class="spacer battle-history"><br></div><div class="battle-history">The opposing F1 went back to kingjulian200!<br></div><div class="battle-history">kingjulian200 sent out Range Rover (<strong>Dusclops</strong>)!<br></div><div class="spacer battle-history"><br></div><div class="battle-history">Go! <strong>Tsareena</strong>!<br></div><div class="spacer battle-history"><br></div><h2 class="battle-history">Turn 12</h2><div class="spacer battle-history"><br></div><div class="battle-history">kingjulian200 withdrew Range Rover!<br></div><div class="battle-history">kingjulian200 sent out Kia Soul (<strong>Tapu Lele</strong>)!<br></div><div class="battle-history">[The opposing Kia Soul's Psychic Surge]<br><small>The battlefield got weird!</small><br></div><div class="spacer battle-history"><br></div><div class="battle-history">Tsareena used <strong>Knock Off</strong>!<br></div><div class="battle-history"><small>(The opposing Kia Soul lost 5% of its health!)</small><br></div><div class="spacer battle-history"><br></div><div class="battle-history">The opposing Kia Soul fainted!<br></div><div class="spacer battle-history"><br></div><div class="battle-history">kingjulian200 sent out F1 (<strong>Cinderace</strong>)!<br></div><div class="spacer battle-history"><br></div><h2 class="battle-history">Turn 13</h2><div class="spacer battle-history"><br></div><div class="battle-history">Tsareena, come back!<br></div><div class="battle-history">Go! <strong>Tapu Fini</strong>!<br></div><div class="battle-history">[Tapu Fini's Misty Surge]<br><small>Mist swirled around the battlefield!</small><br></div><div class="spacer battle-history"><br></div><div class="battle-history">The opposing F1 used <strong>Pyro Ball</strong>!<br></div><div class="battle-history"><small>It's not very effective...</small><br></div><div class="battle-history"><small>(Tapu Fini lost 26% of its health!)</small><br></div><div class="spacer battle-history"><br></div><div class="battle-history"><small>Tapu Fini restored a little HP using its Leftovers!</small><br></div><div class="spacer battle-history"><br></div><h2 class="battle-history">Turn 14</h2><div class="spacer battle-history"><br></div><div class="battle-history">The opposing F1 used <strong>U-turn</strong>!<br></div><div class="battle-history">[The opposing F1's Libero]<br><small>The opposing F1's type changed to Bug!</small><br></div><div class="battle-history"><small>It's not very effective...</small><br></div><div class="battle-history"><small>(Tapu Fini lost 13% of its health!)</small><br></div><div class="spacer battle-history"><br></div><div class="battle-history">The opposing F1 went back to kingjulian200!<br></div><div class="battle-history">kingjulian200 sent out Range Rover (<strong>Dusclops</strong>)!<br></div><div class="battle-history">[The opposing Range Rover's Frisk]<br><small>The opposing Range Rover frisked Tapu Fini and found its Leftovers!</small><br></div><div class="spacer battle-history"><br></div><div class="battle-history">Tapu Fini used <strong>Surf</strong>!<br></div><div class="battle-history"><small>(The opposing Range Rover lost 17% of its health!)</small><br></div><div class="spacer battle-history"><br></div><div class="battle-history"><small>Tapu Fini restored a little HP using its Leftovers!</small><br></div><div class="spacer battle-history"><br></div><h2 class="battle-history">Turn 15</h2><div class="spacer battle-history"><br></div><div class="battle-history">Tapu Fini used <strong>Calm Mind</strong>!<br></div><div class="battle-history"><small>Tapu Fini's Sp. Atk rose!</small><br></div><div class="battle-history"><small>Tapu Fini's Sp. Def rose!</small><br></div><div class="spacer battle-history"><br></div><div class="battle-history">The opposing Range Rover used <strong>Trick Room</strong>!<br></div><div class="battle-history"><small>The opposing Range Rover twisted the dimensions!</small><br></div><div class="spacer battle-history"><br></div><div class="battle-history"><small>Tapu Fini restored a little HP using its Leftovers!</small><br></div><div class="spacer battle-history"><br></div><h2 class="battle-history">Turn 16</h2><div class="spacer battle-history"><br></div><div class="battle-history">kingjulian200 withdrew Range Rover!<br></div><div class="battle-history">kingjulian200 sent out Caproni Stipa (<strong>Toucannon</strong>)!<br></div><div class="spacer battle-history"><br></div><div class="battle-history">Tapu Fini used <strong>Calm Mind</strong>!<br></div><div class="battle-history"><small>Tapu Fini's Sp. Atk rose!</small><br></div><div class="battle-history"><small>Tapu Fini's Sp. Def rose!</small><br></div><div class="spacer battle-history"><br></div><div class="battle-history"><small>Tapu Fini restored a little HP using its Leftovers!</small><br></div><div class="spacer battle-history"><br></div><h2 class="battle-history">Turn 17</h2><div class="spacer battle-history"><br></div><div class="battle-history"><small>The opposing Caproni Stipa has Terastallized into the Stellar-type!</small><br></div><div class="spacer battle-history"><br></div><div class="battle-history">The opposing Caproni Stipa used <strong>Drill Peck</strong>!<br></div><div class="battle-history"><small>(Tapu Fini lost 55% of its health!)</small><br></div><div class="battle-history"><small>The opposing Caproni Stipa lost some of its HP!</small><br></div><div class="spacer battle-history"><br></div><div class="battle-history">Tapu Fini used <strong>Ice Beam</strong>!<br></div><div class="battle-history"><small>It's super effective!</small><br></div><div class="battle-history"><small>(The opposing Caproni Stipa lost 84% of its health!)</small><br></div><div class="spacer battle-history"><br></div><div class="battle-history"><small>Tapu Fini restored a little HP using its Leftovers!</small><br></div><div class="battle-history"><small>The mist disappeared from the battlefield.</small><br></div><div class="spacer battle-history"><br></div><h2 class="battle-history">Turn 18</h2><div class="spacer battle-history"><br></div><div class="battle-history">The opposing Caproni Stipa used <strong>Facade</strong>!<br></div><div class="battle-history"><small>(Tapu Fini lost 27% of its health!)</small><br></div><div class="spacer battle-history"><br></div><div class="battle-history">Tapu Fini fainted!<br></div><div class="battle-history"><small>The opposing Caproni Stipa lost some of its HP!</small><br></div><div class="spacer battle-history"><br></div><div class="battle-history">The opposing Caproni Stipa fainted!<br></div><div class="spacer battle-history"><br></div><div class="battle-history">kingjulian200 sent out Toyota Crown (<strong>Gardevoir</strong>)!<br></div><div class="spacer battle-history"><br></div><div class="battle-history">Go! Exeggutor (<strong>Exeggutor-Alola</strong>)!<br></div><div class="battle-history">[Exeggutor's Frisk]<br><small>Exeggutor frisked the opposing Toyota Crown and found its Gardevoirite!</small><br></div><div class="spacer battle-history"><br></div><h2 class="battle-history">Turn 19</h2><div class="spacer battle-history"><br></div><div class="battle-history"><small>The opposing Toyota Crown's Gardevoirite is reacting to the Key Stone!</small><br>The opposing Toyota Crown has Mega Evolved into Mega Gardevoir!<br></div><div class="spacer battle-history"><br></div><div class="battle-history">Exeggutor used <strong>Toxic</strong>!<br></div><div class="battle-history"><small>The opposing Toyota Crown was badly poisoned!</small><br></div><div class="spacer battle-history"><br></div><div class="battle-history">The opposing Toyota Crown used <strong>Hyper Voice</strong>!<br></div><div class="battle-history"><small>It's super effective!</small><br></div><div class="battle-history"><small>(Exeggutor lost 96% of its health!)</small><br></div><div class="spacer battle-history"><br></div><div class="battle-history"><small>Exeggutor restored a little HP using its Leftovers!</small><br></div><div class="battle-history"><small>The opposing Toyota Crown was hurt by poison!</small><br></div><div class="battle-history"><small>The twisted dimensions returned to normal!</small><br></div><div class="spacer battle-history"><br></div><h2 class="battle-history">Turn 20</h2><div class="spacer battle-history"><br></div><div class="battle-history">The opposing Toyota Crown used <strong>Hyper Voice</strong>!<br></div><div class="battle-history"><small>It's super effective!</small><br></div><div class="battle-history"><small>A critical hit!</small><br></div><div class="battle-history"><small>(Exeggutor lost 10% of its health!)</small><br></div><div class="spacer battle-history"><br></div><div class="battle-history">Exeggutor fainted!<br></div><div class="spacer battle-history"><br></div><div class="battle-history"><small>The opposing Toyota Crown was hurt by poison!</small><br></div><div class="spacer battle-history"><br></div><div class="battle-history">Go! <strong>Tsareena</strong>!<br></div><div class="spacer battle-history"><br></div><h2 class="battle-history">Turn 21</h2><div class="spacer battle-history"><br></div><div class="battle-history"><small>Tsareena has Terastallized into the Grass-type!</small><br></div><div class="spacer battle-history"><br></div><div class="battle-history">Tsareena used <strong>Power Whip</strong>!<br></div><div class="battle-history"><small>(The opposing Toyota Crown lost 82% of its health!)</small><br></div><div class="spacer battle-history"><br></div><div class="battle-history">The opposing Toyota Crown fainted!<br></div><div class="spacer battle-history"><br></div><div class="battle-history">kingjulian200 sent out F1 (<strong>Cinderace</strong>)!<br></div><div class="spacer battle-history"><br></div><h2 class="battle-history">Turn 22</h2><div class="spacer battle-history"><br></div><div class="battle-history">The opposing F1 used <strong>Pyro Ball</strong>!<br></div><div class="battle-history"><small>It's super effective!</small><br></div><div class="battle-history"><small>(Tsareena lost 100% of its health!)</small><br></div><div class="spacer battle-history"><br></div><div class="battle-history">Tsareena fainted!<br></div><div class="spacer battle-history"><br></div><div class="battle-history">Go! <strong>Regieleki</strong>!<br></div><div class="spacer battle-history"><br></div><h2 class="battle-history">Turn 23</h2><div class="spacer battle-history"><br></div><div class="battle-history">Regieleki used <strong>Thunderbolt</strong>!<br></div><div class="battle-history"><small>(The opposing F1 lost 20% of its health!)</small><br></div><div class="spacer battle-history"><br></div><div class="battle-history">The opposing F1 fainted!<br></div><div class="spacer battle-history"><br></div><div class="battle-history">kingjulian200 sent out Range Rover (<strong>Dusclops</strong>)!<br></div><div class="battle-history">[The opposing Range Rover's Frisk]<br><small>The opposing Range Rover frisked Regieleki and found its Magnet!</small><br></div><div class="spacer battle-history"><br></div><h2 class="battle-history">Turn 24</h2><div class="spacer battle-history"><br></div><div class="battle-history">Regieleki used <strong>Charge</strong>!<br></div><div class="battle-history"><small>Regieleki's Sp. Def rose!</small><br></div><div class="battle-history"><small>Regieleki began charging power!</small><br></div><div class="spacer battle-history"><br></div><div class="battle-history">The opposing Range Rover used <strong>Shadow Ball</strong>!<br></div><div class="battle-history"><small>(Regieleki lost 25% of its health!)</small><br></div><div class="spacer battle-history"><br></div><h2 class="battle-history">Turn 25</h2><div class="spacer battle-history"><br></div><div class="battle-history">Regieleki used <strong>Thunderbolt</strong>!<br></div><div class="battle-history"><small>(The opposing Range Rover lost 69% of its health!)</small><br></div><div class="spacer battle-history"><br></div><div class="battle-history">The opposing Range Rover used <strong>Shadow Ball</strong>!<br></div><div class="battle-history"><small>(Regieleki lost 24% of its health!)</small><br></div><div class="battle-history"><small>Regieleki's Sp. Def fell!</small><br></div><div class="spacer battle-history"><br></div><h2 class="battle-history">Turn 26</h2><div class="chat chatmessage-bluefox08"><strong style="color:#ac7346"><small class="groupsymbol">☆</small><span class="username">bluefox08</span>:</strong> <em>gg</em></div><div class="spacer battle-history"><br></div><div class="battle-history">Regieleki used <strong>Thunderbolt</strong>!<br></div><div class="battle-history"><small>(The opposing Range Rover lost 14% of its health!)</small><br></div><div class="spacer battle-history"><br></div><div class="battle-history">The opposing Range Rover fainted!<br></div><div class="spacer battle-history"><br></div><div class="battle-history"><strong>bluefox08</strong> won the battle!<br></div><div class="chat chatmessage-kingjulian200"><strong style="color:#ab4d21"><small class="groupsymbol">☆</small><span class="username">kingjulian200</span>:</strong> <em>gg</em></div></div><div class="inner-preempt message-log"></div></div></div>
</div>
<script>
let daily = Math.floor(Date.now()/1000/60/60/24);document.write('<script src="https://play.pokemonshowdown.com/js/replay-embed.js?version'+daily+'"></'+'script>');
</script>
