<!DOCTYPE html>
<meta charset="utf-8" />
<!-- version 1 -->
<title>[Gen 9] NatDex Draft replay: Chugaroo vs. mew2army</title>
<style>
html,body {font-family:Verdana, sans-serif;font-size:10pt;margin:0;padding:0;}body{padding:12px 0;} .battle-log {font-family:Verdana, sans-serif;font-size:10pt;} .battle-log-inline {border:1px solid #AAAAAA;background:#EEF2F5;color:black;max-width:640px;margin:0 auto 80px;padding-bottom:5px;} .battle-log .inner {padding:4px 8px 0px 8px;} .battle-log .inner-preempt {padding:0 8px 4px 8px;} .battle-log .inner-after {margin-top:0.5em;} .battle-log h2 {margin:0.5em -8px;padding:4px 8px;border:1px solid #AAAAAA;background:#E0E7EA;border-left:0;border-right:0;font-family:Verdana, sans-serif;font-size:13pt;} .battle-log .chat {vertical-align:middle;padding:3px 0 3px 0;font-size:8pt;} .battle-log .chat strong {color:#40576A;} .battle-log .chat em {padding:1px 4px 1px 3px;color:#000000;font-style:normal;} .chat.mine {background:rgba(0,0,0,0.05);margin-left:-8px;margin-right:-8px;padding-left:8px;padding-right:8px;} .spoiler {color:#BBBBBB;background:#BBBBBB;padding:0px 3px;} .spoiler:hover, .spoiler:active, .spoiler-shown {color:#000000;background:#E2E2E2;padding:0px 3px;} .spoiler a {color:#BBBBBB;} .spoiler:hover a, .spoiler:active a, .spoiler-shown a {color:#2288CC;} .chat code, .chat .spoiler:hover code, .chat .spoiler:active code, .chat .spoiler-shown code {border:1px solid #C0C0C0;background:#EEEEEE;color:black;padding:0 2px;} .chat .spoiler code {border:1px solid #CCCCCC;background:#CCCCCC;color:#CCCCCC;} .battle-log .rated {padding:3px 4px;} .battle-log .rated strong {color:white;background:#89A;padding:1px 4px;border-radius:4px;} .spacer {margin-top:0.5em;} .message-announce {background:#6688AA;color:white;padding:1px 4px 2px;} .message-announce a, .broadcast-green a, .broadcast-blue a, .broadcast-red a {color:#DDEEFF;} .broadcast-green {background-color:#559955;color:white;padding:2px 4px;} .broadcast-blue {background-color:#6688AA;color:white;padding:2px 4px;} .infobox {border:1px solid #6688AA;padding:2px 4px;} .infobox-limited {max-height:200px;overflow:auto;overflow-x:hidden;} .broadcast-red {background-color:#AA5544;color:white;padding:2px 4px;} .message-learn-canlearn {font-weight:bold;color:#228822;text-decoration:underline;} .message-learn-cannotlearn {font-weight:bold;color:#CC2222;text-decoration:underline;} .message-effect-weak {font-weight:bold;color:#CC2222;} .message-effect-resist {font-weight:bold;color:#6688AA;} .message-effect-immune {font-weight:bold;color:#666666;} .message-learn-list {margin-top:0;margin-bottom:0;} .message-throttle-notice, .message-error {color:#992222;} .message-overflow, .chat small.message-overflow {font-size:0pt;} .message-overflow::before {font-size:9pt;content:'...';} .subtle {color:#3A4A66;}
</style>
<div class="wrapper replay-wrapper" style="max-width:1180px;margin:0 auto">
<input type="hidden" name="replayid" value="gen9natdexdraft-2369971597" />
<div class="battle"></div><div class="battle-log"></div><div class="replay-controls"></div><div class="replay-controls-2"></div>
<h1 style="font-weight:normal;text-align:center"><strong>[Gen 9] NatDex Draft</strong><br /><a href="http://pokemonshowdown.com/users/chugaroo" class="subtle" target="_blank">Chugaroo</a> vs. <a href="http://pokemonshowdown.com/users/mew2army" class="subtle" target="_blank">mew2army</a></h1>
<script type="text/plain" class="battle-log-data">
|j|☆Chugaroo
|j|☆mew2army
|t:|1747966885
|gametype|singles
|player|p1|Chugaroo|shadowtriad|
|player|p2|mew2army|cynthia|
|teamsize|p1|6
|teamsize|p2|6
|gen|9
|tier|[Gen 9] NatDex Draft
|rule|Sleep Clause Mod: Limit one foe put to sleep
|rule|OHKO Clause: OHKO moves are banned
|rule|Evasion Clause: Evasion abilities, items, and moves are banned
|rule|Evasion Abilities Clause: Evasion abilities are banned
|rule|Evasion Items Clause: Evasion items are banned
|rule|Evasion Moves Clause: Evasion moves are banned
|rule|Endless Battle Clause: Forcing endless battles is banned
|rule|HP Percentage Mod: HP is shown in percentages
|clearpoke
|poke|p1|Terapagos, M|
|poke|p1|Duraludon, F|
|poke|p1|Sylveon, F|
|poke|p1|Buzzwole|
|poke|p1|Mesprit|
|poke|p1|Hydreigon, M|
|poke|p2|Scizor, M|
|poke|p2|Palafin, F|
|poke|p2|Whimsicott, M|
|poke|p2|Ursaluna-Bloodmoon, M|
|poke|p2|Slither Wing|
|poke|p2|Thundurus-Therian, M|
|teampreview
|c|☆mew2army|glhf
|c|☆Chugaroo|glhf
|
|t:|1747966940
|start
|switch|p1a: Docomo|Duraludon, F|100\/100
|switch|p2a: Slither Wing|Slither Wing|100\/100
|turn|1
|
|t:|1747966976
|move|p1a: Docomo|Draco Meteor|p2a: Slither Wing
|-damage|p2a: Slither Wing|38\/100
|-unboost|p1a: Docomo|spa|2
|move|p2a: Slither Wing|Earthquake|p1a: Docomo
|-supereffective|p1a: Docomo
|-damage|p1a: Docomo|39\/100
|
|upkeep
|turn|2
|
|t:|1747966997
|switch|p1a: Miku|Sylveon, F, shiny|100\/100
|-end|p2a: Slither Wing|Protosynthesis|[silent]
|switch|p2a: Whimsicott|Whimsicott, M|100\/100
|
|upkeep
|turn|3
|
|t:|1747967016
|move|p2a: Whimsicott|Light Screen|p2a: Whimsicott
|-sidestart|p2: mew2army|move: Light Screen
|move|p1a: Miku|Mystical Fire|p2a: Whimsicott
|-supereffective|p2a: Whimsicott
|-damage|p2a: Whimsicott|70\/100
|-unboost|p2a: Whimsicott|spa|1
|
|upkeep
|turn|4
|
|t:|1747967031
|switch|p2a: Thundurus|Thundurus-Therian, M|100\/100
|move|p1a: Miku|Wish|p1a: Miku
|
|upkeep
|turn|5
|
|t:|1747967049
|switch|p1a: Gamora|Terapagos, M|100\/100
|-activate|p1a: Gamora|ability: Tera Shift
|detailschange|p1a: Gamora|Terapagos-Terastal, M
|-heal|p1a: Gamora|100\/100|[silent]
|move|p2a: Thundurus|Thunderbolt|p1a: Gamora
|-activate|p1a: Gamora|ability: Tera Shell
|-resisted|p1a: Gamora
|-damage|p1a: Gamora|75\/100
|
|-heal|p1a: Gamora|100\/100|[from] move: Wish|[wisher] Miku
|upkeep
|turn|6
|
|t:|1747967065
|move|p2a: Thundurus|Thunderbolt|p1a: Gamora
|-activate|p1a: Gamora|ability: Tera Shell
|-resisted|p1a: Gamora
|-damage|p1a: Gamora|77\/100
|move|p1a: Gamora|Ice Beam|p2a: Thundurus
|-supereffective|p2a: Thundurus
|-damage|p2a: Thundurus|58\/100
|-status|p2a: Thundurus|frz
|
|-heal|p1a: Gamora|83\/100|[from] item: Leftovers
|upkeep
|turn|7
|c|☆mew2army|damn
|
|t:|1747967081
|cant|p2a: Thundurus|frz
|move|p1a: Gamora|Tera Starstorm|p2a: Thundurus
|-damage|p2a: Thundurus|19\/100 frz
|
|-heal|p1a: Gamora|89\/100|[from] item: Leftovers
|-sideend|p2: mew2army|move: Light Screen
|upkeep
|turn|8
|c|☆Chugaroo|im sorry
|
|t:|1747967098
|cant|p2a: Thundurus|frz
|move|p1a: Gamora|Ice Beam|p2a: Thundurus
|-supereffective|p2a: Thundurus
|-damage|p2a: Thundurus|0 fnt
|faint|p2a: Thundurus
|
|-heal|p1a: Gamora|95\/100|[from] item: Leftovers
|upkeep
|
|t:|1747967108
|switch|p2a: Palafin|Palafin, F|100\/100
|turn|9
|
|t:|1747967116
|switch|p1a: Jotaro|Buzzwole|100\/100
|move|p2a: Palafin|Flip Turn|p1a: Jotaro
|-damage|p1a: Jotaro|86\/100
|-damage|p2a: Palafin|84\/100|[from] item: Rocky Helmet|[of] p1a: Jotaro
|
|t:|1747967139
|detailschange|p2a: Palafin|Palafin-Hero, F
|switch|p2a: Whimsicott|Whimsicott, M|70\/100|[from] Flip Turn
|
|upkeep
|turn|10
|
|t:|1747967154
|switch|p1a: Miku|Sylveon, F, shiny|100\/100
|-terastallize|p2a: Whimsicott|Fairy
|move|p2a: Whimsicott|Moonblast|p1a: Miku
|-damage|p1a: Miku|68\/100
|
|-heal|p1a: Miku|74\/100|[from] item: Leftovers
|upkeep
|turn|11
|
|t:|1747967167
|move|p2a: Whimsicott|Light Screen|p2a: Whimsicott
|-sidestart|p2: mew2army|move: Light Screen
|move|p1a: Miku|Wish|p1a: Miku
|
|-heal|p1a: Miku|80\/100|[from] item: Leftovers
|upkeep
|turn|12
|
|t:|1747967187
|switch|p2a: Scizor|Scizor, M|100\/100
|switch|p1a: Docomo|Duraludon, F|39\/100
|
|-heal|p1a: Docomo|100\/100|[from] move: Wish|[wisher] Miku
|upkeep
|turn|13
|
|t:|1747967206
|detailschange|p2a: Scizor|Scizor-Mega, M
|-mega|p2a: Scizor|Scizor|Scizorite
|move|p1a: Docomo|Foul Play|p2a: Scizor
|-damage|p2a: Scizor|71\/100
|move|p2a: Scizor|Swords Dance|p2a: Scizor
|-boost|p2a: Scizor|atk|2
|
|upkeep
|turn|14
|
|t:|1747967215
|move|p1a: Docomo|Foul Play|p2a: Scizor
|-damage|p2a: Scizor|12\/100
|move|p2a: Scizor|Close Combat|p1a: Docomo
|-supereffective|p1a: Docomo
|-damage|p1a: Docomo|0 fnt
|-unboost|p2a: Scizor|def|1
|-unboost|p2a: Scizor|spd|1
|faint|p1a: Docomo
|
|upkeep
|
|t:|1747967229
|switch|p1a: Jotaro|Buzzwole|86\/100
|turn|15
|
|t:|1747967240
|move|p2a: Scizor|Bullet Punch|p1a: Jotaro
|-damage|p1a: Jotaro|36\/100
|-damage|p2a: Scizor|0 fnt|[from] item: Rocky Helmet|[of] p1a: Jotaro
|faint|p2a: Scizor
|detailschange|p2: Scizor|Scizor, M|[silent]
|move|p1a: Jotaro|Drain Punch|p2: Scizor|[notarget]
|-fail|p1a: Jotaro
|
|-sideend|p2: mew2army|move: Light Screen
|upkeep
|
|t:|1747967247
|switch|p2a: Slither Wing|Slither Wing|38\/100
|turn|16
|
|t:|1747967264
|-end|p2a: Slither Wing|Protosynthesis|[silent]
|switch|p2a: Whimsicott|Whimsicott, M, tera:Fairy|70\/100
|switch|p1a: Miku|Sylveon, F, shiny|80\/100
|
|-heal|p1a: Miku|86\/100|[from] item: Leftovers
|upkeep
|turn|17
|
|t:|1747967302
|switch|p2a: Slither Wing|Slither Wing|38\/100
|move|p1a: Miku|Hyper Voice|p2a: Slither Wing
|-supereffective|p2a: Slither Wing
|-damage|p2a: Slither Wing|0 fnt
|faint|p2a: Slither Wing
|-end|p2a: Slither Wing|Protosynthesis|[silent]
|
|-heal|p1a: Miku|92\/100|[from] item: Leftovers
|upkeep
|
|t:|1747967312
|switch|p2a: Palafin|Palafin-Hero, F|84\/100
|-activate|p2a: Palafin|ability: Zero to Hero
|turn|18
|
|t:|1747967318
|move|p2a: Palafin|Bulk Up|p2a: Palafin
|-boost|p2a: Palafin|atk|1
|-boost|p2a: Palafin|def|1
|move|p1a: Miku|Wish|p1a: Miku
|
|-heal|p1a: Miku|98\/100|[from] item: Leftovers
|upkeep
|turn|19
|
|t:|1747967331
|move|p2a: Palafin|Bulk Up|p2a: Palafin
|-boost|p2a: Palafin|atk|1
|-boost|p2a: Palafin|def|1
|move|p1a: Miku|Hyper Voice|p2a: Palafin
|-damage|p2a: Palafin|38\/100
|
|-heal|p1a: Miku|100\/100|[from] move: Wish|[wisher] Miku
|upkeep
|turn|20
|
|t:|1747967343
|move|p2a: Palafin|Ice Punch|p1a: Miku
|-damage|p1a: Miku|42\/100
|-status|p1a: Miku|frz
|cant|p1a: Miku|frz
|
|-heal|p1a: Miku|48\/100 frz|[from] item: Leftovers
|upkeep
|turn|21
|c|☆Chugaroo|thats fair lol
|
|t:|1747967353
|cant|p1a: Miku|frz
|move|p2a: Palafin|Bulk Up|p2a: Palafin
|-boost|p2a: Palafin|atk|1
|-boost|p2a: Palafin|def|1
|
|-heal|p1a: Miku|55\/100 frz|[from] item: Leftovers
|upkeep
|turn|22
|
|t:|1747967404
|move|p2a: Palafin|Ice Punch|p1a: Miku
|-damage|p1a: Miku|0 fnt
|faint|p1a: Miku
|
|upkeep
|
|t:|1747967413
|switch|p1a: Jotaro|Buzzwole|36\/100
|turn|23
|
|t:|1747967417
|move|p2a: Palafin|Jet Punch|p1a: Jotaro
|-damage|p1a: Jotaro|0 fnt
|faint|p1a: Jotaro
|
|upkeep
|
|t:|1747967432
|switch|p1a: Faith|Mesprit|100\/100
|turn|24
|
|t:|1747967446
|-terastallize|p1a: Faith|Water
|move|p2a: Palafin|Jet Punch|p1a: Faith
|-resisted|p1a: Faith
|-damage|p1a: Faith|46\/100
|move|p1a: Faith|Mystical Power|p2a: Palafin
|-damage|p2a: Palafin|4\/100
|-boost|p1a: Faith|spa|1
|
|upkeep
|turn|25
|
|t:|1747967464
|move|p2a: Palafin|Jet Punch|p1a: Faith
|-resisted|p1a: Faith
|-damage|p1a: Faith|0 fnt
|faint|p1a: Faith
|
|upkeep
|
|t:|1747967466
|switch|p1a: Gamora|Terapagos-Terastal, M|95\/100
|turn|26
|
|t:|1747967472
|move|p2a: Palafin|Jet Punch|p1a: Gamora
|-damage|p1a: Gamora|6\/100
|move|p1a: Gamora|Tera Starstorm|p2a: Palafin
|-damage|p2a: Palafin|0 fnt
|faint|p2a: Palafin
|
|-heal|p1a: Gamora|12\/100|[from] item: Leftovers
|upkeep
|
|t:|1747967480
|switch|p2a: Whimsicott|Whimsicott, M, tera:Fairy|70\/100
|turn|27
|
|t:|1747967483
|move|p2a: Whimsicott|Moonblast|p1a: Gamora
|-damage|p1a: Gamora|0 fnt
|faint|p1a: Gamora
|
|upkeep
|
|t:|1747967485
|switch|p1a: Bully|Hydreigon, M|100\/100
|turn|28
|c|☆mew2army|gg
|
|t:|1747967491
|move|p2a: Whimsicott|Moonblast|p1a: Bully
|-supereffective|p1a: Bully
|-damage|p1a: Bully|0 fnt
|faint|p1a: Bully
|
|win|mew2army
|c|☆Chugaroo|gg
|c|☆Chugaroo|that was close, that palafin getting that stacked did it in for me

</script>
</div>
<div class="battle-log battle-log-inline"><div class="inner"><div class="battle-options"></div><div class="inner message-log"><div class="chat"><small>☆Chugaroo and ☆mew2army joined</small></div><div class=""><small>Format:</small> <br><strong>[Gen 9] NatDex Draft</strong></div><div class=""><small><em>Sleep Clause Mod:</em> Limit one foe put to sleep</small></div><div class=""><small><em>OHKO Clause:</em> OHKO moves are banned</small></div><div class=""><small><em>Evasion Clause:</em> Evasion abilities, items, and moves are banned</small></div><div class=""><small><em>Evasion Abilities Clause:</em> Evasion abilities are banned</small></div><div class=""><small><em>Evasion Items Clause:</em> Evasion items are banned</small></div><div class=""><small><em>Evasion Moves Clause:</em> Evasion moves are banned</small></div><div class=""><small><em>Endless Battle Clause:</em> Forcing endless battles is banned</small></div><div class=""><small><em>HP Percentage Mod:</em> HP is shown in percentages</small></div><div class="chat battle-history"><strong>Chugaroo's team:</strong> <em style="color:#445566;display:block;">Terapagos / Duraludon / Sylveon / Buzzwole / Mesprit / Hydreigon</em></div><div class="chat battle-history"><strong>mew2army's team:</strong> <em style="color:#445566;display:block;">Scizor / Palafin / Whimsicott / Ursaluna-Bloodmoon / Slither Wing / Thundurus-Therian</em></div><div class="chat chatmessage-mew2army"><strong style="color:#6a9339"><small class="groupsymbol">☆</small><span class="username">mew2army</span>:</strong> <em>glhf</em></div><div class="chat chatmessage-chugaroo"><strong style="color:#0ea48e"><small class="groupsymbol">☆</small><span class="username">Chugaroo</span>:</strong> <em>glhf</em></div><div class="spacer battle-history"><br></div><div class="battle-history">Battle started between Chugaroo and mew2army!<br></div><div class="spacer battle-history"><br></div><div class="battle-history">Go! Docomo (<strong>Duraludon</strong>)!<br></div><div class="spacer battle-history"><br></div><div class="battle-history">mew2army sent out <strong>Slither Wing</strong>!<br></div><div class="spacer battle-history"><br></div><h2 class="battle-history">Turn 1</h2><div class="spacer battle-history"><br></div><div class="battle-history">Docomo used <strong>Draco Meteor</strong>!<br></div><div class="battle-history"><small>(The opposing Slither Wing lost 62% of its health!)</small><br></div><div class="battle-history"><small>Docomo's Sp. Atk fell harshly!</small><br></div><div class="spacer battle-history"><br></div><div class="battle-history">The opposing Slither Wing used <strong>Earthquake</strong>!<br></div><div class="battle-history"><small>It's super effective!</small><br></div><div class="battle-history"><small>(Docomo lost 61% of its health!)</small><br></div><div class="spacer battle-history"><br></div><h2 class="battle-history">Turn 2</h2><div class="spacer battle-history"><br></div><div class="battle-history">Docomo, come back!<br></div><div class="battle-history">Go! Miku (<strong>Sylveon</strong>)!<br></div><div class="spacer battle-history"><br></div><div class="battle-history">mew2army withdrew Slither Wing!<br></div><div class="battle-history">mew2army sent out <strong>Whimsicott</strong>!<br></div><div class="spacer battle-history"><br></div><h2 class="battle-history">Turn 3</h2><div class="spacer battle-history"><br></div><div class="battle-history">The opposing Whimsicott used <strong>Light Screen</strong>!<br></div><div class="battle-history"><small>Light Screen made the opposing team stronger against special moves!</small><br></div><div class="spacer battle-history"><br></div><div class="battle-history">Miku used <strong>Mystical Fire</strong>!<br></div><div class="battle-history"><small>It's super effective!</small><br></div><div class="battle-history"><small>(The opposing Whimsicott lost 30% of its health!)</small><br></div><div class="battle-history"><small>The opposing Whimsicott's Sp. Atk fell!</small><br></div><div class="spacer battle-history"><br></div><h2 class="battle-history">Turn 4</h2><div class="spacer battle-history"><br></div><div class="battle-history">mew2army withdrew Whimsicott!<br></div><div class="battle-history">mew2army sent out Thundurus (<strong>Thundurus-Therian</strong>)!<br></div><div class="spacer battle-history"><br></div><div class="battle-history">Miku used <strong>Wish</strong>!<br></div><div class="spacer battle-history"><br></div><h2 class="battle-history">Turn 5</h2><div class="spacer battle-history"><br></div><div class="battle-history">Miku, come back!<br></div><div class="battle-history">Go! Gamora (<strong>Terapagos</strong>)!<br></div><div class="battle-history">[Gamora's Tera Shift]<br></div><div class="battle-history">Gamora transformed!<br></div><div class="spacer battle-history"><br></div><div class="battle-history">The opposing Thundurus used <strong>Thunderbolt</strong>!<br></div><div class="battle-history">[Gamora's Tera Shell]<br><small>Gamora made its shell gleam! It's distorting type matchups!</small><br></div><div class="battle-history"><small>It's not very effective...</small><br></div><div class="battle-history"><small>(Gamora lost 25% of its health!)</small><br></div><div class="spacer battle-history"><br></div><div class="battle-history"><small>Miku's wish came true!</small><br></div><div class="spacer battle-history"><br></div><h2 class="battle-history">Turn 6</h2><div class="spacer battle-history"><br></div><div class="battle-history">The opposing Thundurus used <strong>Thunderbolt</strong>!<br></div><div class="battle-history">[Gamora's Tera Shell]<br><small>Gamora made its shell gleam! It's distorting type matchups!</small><br></div><div class="battle-history"><small>It's not very effective...</small><br></div><div class="battle-history"><small>(Gamora lost 23% of its health!)</small><br></div><div class="spacer battle-history"><br></div><div class="battle-history">Gamora used <strong>Ice Beam</strong>!<br></div><div class="battle-history"><small>It's super effective!</small><br></div><div class="battle-history"><small>(The opposing Thundurus lost 42% of its health!)</small><br></div><div class="battle-history"><small>The opposing Thundurus was frozen solid!</small><br></div><div class="spacer battle-history"><br></div><div class="battle-history"><small>Gamora restored a little HP using its Leftovers!</small><br></div><div class="spacer battle-history"><br></div><h2 class="battle-history">Turn 7</h2><div class="chat chatmessage-mew2army"><strong style="color:#6a9339"><small class="groupsymbol">☆</small><span class="username">mew2army</span>:</strong> <em>damn</em></div><div class="spacer battle-history"><br></div><div class="battle-history">The opposing Thundurus is frozen solid!<br></div><div class="spacer battle-history"><br></div><div class="battle-history">Gamora used <strong>Tera Starstorm</strong>!<br></div><div class="battle-history"><small>(The opposing Thundurus lost 39% of its health!)</small><br></div><div class="spacer battle-history"><br></div><div class="battle-history"><small>Gamora restored a little HP using its Leftovers!</small><br></div><div class="battle-history"><small>The opposing team's Light Screen wore off!</small><br></div><div class="spacer battle-history"><br></div><h2 class="battle-history">Turn 8</h2><div class="chat chatmessage-chugaroo"><strong style="color:#0ea48e"><small class="groupsymbol">☆</small><span class="username">Chugaroo</span>:</strong> <em>im sorry</em></div><div class="spacer battle-history"><br></div><div class="battle-history">The opposing Thundurus is frozen solid!<br></div><div class="spacer battle-history"><br></div><div class="battle-history">Gamora used <strong>Ice Beam</strong>!<br></div><div class="battle-history"><small>It's super effective!</small><br></div><div class="battle-history"><small>(The opposing Thundurus lost 19% of its health!)</small><br></div><div class="spacer battle-history"><br></div><div class="battle-history">The opposing Thundurus fainted!<br></div><div class="spacer battle-history"><br></div><div class="battle-history"><small>Gamora restored a little HP using its Leftovers!</small><br></div><div class="spacer battle-history"><br></div><div class="battle-history">mew2army sent out <strong>Palafin</strong>!<br></div><div class="spacer battle-history"><br></div><h2 class="battle-history">Turn 9</h2><div class="spacer battle-history"><br></div><div class="battle-history">Gamora, come back!<br></div><div class="battle-history">Go! Jotaro (<strong>Buzzwole</strong>)!<br></div><div class="spacer battle-history"><br></div><div class="battle-history">The opposing Palafin used <strong>Flip Turn</strong>!<br></div><div class="battle-history"><small>(Jotaro lost 14% of its health!)</small><br></div><div class="battle-history"><small>The opposing Palafin was hurt by the Rocky Helmet!</small><br></div><div class="spacer battle-history"><br></div><div class="battle-history">The opposing Palafin went back to mew2army!<br></div><div class="battle-history">mew2army sent out <strong>Whimsicott</strong>!<br></div><div class="spacer battle-history"><br></div><h2 class="battle-history">Turn 10</h2><div class="spacer battle-history"><br></div><div class="battle-history">Jotaro, come back!<br></div><div class="battle-history">Go! Miku (<strong>Sylveon</strong>)!<br></div><div class="spacer battle-history"><br></div><div class="battle-history"><small>The opposing Whimsicott has Terastallized into the Fairy-type!</small><br></div><div class="spacer battle-history"><br></div><div class="battle-history">The opposing Whimsicott used <strong>Moonblast</strong>!<br></div><div class="battle-history"><small>(Miku lost 32% of its health!)</small><br></div><div class="spacer battle-history"><br></div><div class="battle-history"><small>Miku restored a little HP using its Leftovers!</small><br></div><div class="spacer battle-history"><br></div><h2 class="battle-history">Turn 11</h2><div class="spacer battle-history"><br></div><div class="battle-history">The opposing Whimsicott used <strong>Light Screen</strong>!<br></div><div class="battle-history"><small>Light Screen made the opposing team stronger against special moves!</small><br></div><div class="spacer battle-history"><br></div><div class="battle-history">Miku used <strong>Wish</strong>!<br></div><div class="spacer battle-history"><br></div><div class="battle-history"><small>Miku restored a little HP using its Leftovers!</small><br></div><div class="spacer battle-history"><br></div><h2 class="battle-history">Turn 12</h2><div class="spacer battle-history"><br></div><div class="battle-history">mew2army withdrew Whimsicott!<br></div><div class="battle-history">mew2army sent out <strong>Scizor</strong>!<br></div><div class="spacer battle-history"><br></div><div class="battle-history">Miku, come back!<br></div><div class="battle-history">Go! Docomo (<strong>Duraludon</strong>)!<br></div><div class="spacer battle-history"><br></div><div class="battle-history"><small>Miku's wish came true!</small><br></div><div class="spacer battle-history"><br></div><h2 class="battle-history">Turn 13</h2><div class="spacer battle-history"><br></div><div class="battle-history"><small>The opposing Scizor's Scizorite is reacting to the Key Stone!</small><br>The opposing Scizor has Mega Evolved into Mega Scizor!<br></div><div class="spacer battle-history"><br></div><div class="battle-history">Docomo used <strong>Foul Play</strong>!<br></div><div class="battle-history"><small>(The opposing Scizor lost 29% of its health!)</small><br></div><div class="spacer battle-history"><br></div><div class="battle-history">The opposing Scizor used <strong>Swords Dance</strong>!<br></div><div class="battle-history"><small>The opposing Scizor's Attack rose sharply!</small><br></div><div class="spacer battle-history"><br></div><h2 class="battle-history">Turn 14</h2><div class="spacer battle-history"><br></div><div class="battle-history">Docomo used <strong>Foul Play</strong>!<br></div><div class="battle-history"><small>(The opposing Scizor lost 59% of its health!)</small><br></div><div class="spacer battle-history"><br></div><div class="battle-history">The opposing Scizor used <strong>Close Combat</strong>!<br></div><div class="battle-history"><small>It's super effective!</small><br></div><div class="battle-history"><small>(Docomo lost 100% of its health!)</small><br></div><div class="battle-history"><small>The opposing Scizor's Defense fell!</small><br></div><div class="battle-history"><small>The opposing Scizor's Sp. Def fell!</small><br></div><div class="spacer battle-history"><br></div><div class="battle-history">Docomo fainted!<br></div><div class="spacer battle-history"><br></div><div class="battle-history">Go! Jotaro (<strong>Buzzwole</strong>)!<br></div><div class="spacer battle-history"><br></div><h2 class="battle-history">Turn 15</h2><div class="spacer battle-history"><br></div><div class="battle-history">The opposing Scizor used <strong>Bullet Punch</strong>!<br></div><div class="battle-history"><small>(Jotaro lost 50% of its health!)</small><br></div><div class="battle-history"><small>The opposing Scizor was hurt by the Rocky Helmet!</small><br></div><div class="spacer battle-history"><br></div><div class="battle-history">The opposing Scizor fainted!<br></div><div class="battle-history">Jotaro used <strong>Drain Punch</strong>!<br></div><div class="battle-history"><small>But it failed!</small><br></div><div class="spacer battle-history"><br></div><div class="battle-history"><small>The opposing team's Light Screen wore off!</small><br></div><div class="spacer battle-history"><br></div><div class="battle-history">mew2army sent out <strong>Slither Wing</strong>!<br></div><div class="spacer battle-history"><br></div><h2 class="battle-history">Turn 16</h2><div class="spacer battle-history"><br></div><div class="battle-history">mew2army withdrew Slither Wing!<br></div><div class="battle-history">mew2army sent out <strong>Whimsicott</strong>!<br></div><div class="spacer battle-history"><br></div><div class="battle-history">Jotaro, come back!<br></div><div class="battle-history">Go! Miku (<strong>Sylveon</strong>)!<br></div><div class="spacer battle-history"><br></div><div class="battle-history"><small>Miku restored a little HP using its Leftovers!</small><br></div><div class="spacer battle-history"><br></div><h2 class="battle-history">Turn 17</h2><div class="spacer battle-history"><br></div><div class="battle-history">mew2army withdrew Whimsicott!<br></div><div class="battle-history">mew2army sent out <strong>Slither Wing</strong>!<br></div><div class="spacer battle-history"><br></div><div class="battle-history">Miku used <strong>Hyper Voice</strong>!<br></div><div class="battle-history"><small>It's super effective!</small><br></div><div class="battle-history"><small>(The opposing Slither Wing lost 38% of its health!)</small><br></div><div class="spacer battle-history"><br></div><div class="battle-history">The opposing Slither Wing fainted!<br></div><div class="spacer battle-history"><br></div><div class="battle-history"><small>Miku restored a little HP using its Leftovers!</small><br></div><div class="spacer battle-history"><br></div><div class="battle-history">mew2army sent out Palafin (<strong>Palafin-Hero</strong>)!<br></div><div class="battle-history">[The opposing Palafin's Zero to Hero]<br><small>The opposing Palafin underwent a heroic transformation!</small><br></div><div class="spacer battle-history"><br></div><h2 class="battle-history">Turn 18</h2><div class="spacer battle-history"><br></div><div class="battle-history">The opposing Palafin used <strong>Bulk Up</strong>!<br></div><div class="battle-history"><small>The opposing Palafin's Attack rose!</small><br></div><div class="battle-history"><small>The opposing Palafin's Defense rose!</small><br></div><div class="spacer battle-history"><br></div><div class="battle-history">Miku used <strong>Wish</strong>!<br></div><div class="spacer battle-history"><br></div><div class="battle-history"><small>Miku restored a little HP using its Leftovers!</small><br></div><div class="spacer battle-history"><br></div><h2 class="battle-history">Turn 19</h2><div class="spacer battle-history"><br></div><div class="battle-history">The opposing Palafin used <strong>Bulk Up</strong>!<br></div><div class="battle-history"><small>The opposing Palafin's Attack rose!</small><br></div><div class="battle-history"><small>The opposing Palafin's Defense rose!</small><br></div><div class="spacer battle-history"><br></div><div class="battle-history">Miku used <strong>Hyper Voice</strong>!<br></div><div class="battle-history"><small>(The opposing Palafin lost 46% of its health!)</small><br></div><div class="spacer battle-history"><br></div><div class="battle-history"><small>Miku's wish came true!</small><br></div><div class="spacer battle-history"><br></div><h2 class="battle-history">Turn 20</h2><div class="spacer battle-history"><br></div><div class="battle-history">The opposing Palafin used <strong>Ice Punch</strong>!<br></div><div class="battle-history"><small>(Miku lost 58% of its health!)</small><br></div><div class="battle-history"><small>Miku was frozen solid!</small><br></div><div class="spacer battle-history"><br></div><div class="battle-history">Miku is frozen solid!<br></div><div class="spacer battle-history"><br></div><div class="battle-history"><small>Miku restored a little HP using its Leftovers!</small><br></div><div class="spacer battle-history"><br></div><h2 class="battle-history">Turn 21</h2><div class="chat chatmessage-chugaroo"><strong style="color:#0ea48e"><small class="groupsymbol">☆</small><span class="username">Chugaroo</span>:</strong> <em>thats fair lol</em></div><div class="spacer battle-history"><br></div><div class="battle-history">Miku is frozen solid!<br></div><div class="spacer battle-history"><br></div><div class="battle-history">The opposing Palafin used <strong>Bulk Up</strong>!<br></div><div class="battle-history"><small>The opposing Palafin's Attack rose!</small><br></div><div class="battle-history"><small>The opposing Palafin's Defense rose!</small><br></div><div class="spacer battle-history"><br></div><div class="battle-history"><small>Miku restored a little HP using its Leftovers!</small><br></div><div class="spacer battle-history"><br></div><h2 class="battle-history">Turn 22</h2><div class="spacer battle-history"><br></div><div class="battle-history">The opposing Palafin used <strong>Ice Punch</strong>!<br></div><div class="battle-history"><small>(Miku lost 55% of its health!)</small><br></div><div class="spacer battle-history"><br></div><div class="battle-history">Miku fainted!<br></div><div class="spacer battle-history"><br></div><div class="battle-history">Go! Jotaro (<strong>Buzzwole</strong>)!<br></div><div class="spacer battle-history"><br></div><h2 class="battle-history">Turn 23</h2><div class="spacer battle-history"><br></div><div class="battle-history">The opposing Palafin used <strong>Jet Punch</strong>!<br></div><div class="battle-history"><small>(Jotaro lost 36% of its health!)</small><br></div><div class="spacer battle-history"><br></div><div class="battle-history">Jotaro fainted!<br></div><div class="spacer battle-history"><br></div><div class="battle-history">Go! Faith (<strong>Mesprit</strong>)!<br></div><div class="spacer battle-history"><br></div><h2 class="battle-history">Turn 24</h2><div class="spacer battle-history"><br></div><div class="battle-history"><small>Faith has Terastallized into the Water-type!</small><br></div><div class="spacer battle-history"><br></div><div class="battle-history">The opposing Palafin used <strong>Jet Punch</strong>!<br></div><div class="battle-history"><small>It's not very effective...</small><br></div><div class="battle-history"><small>(Faith lost 54% of its health!)</small><br></div><div class="spacer battle-history"><br></div><div class="battle-history">Faith used <strong>Mystical Power</strong>!<br></div><div class="battle-history"><small>(The opposing Palafin lost 34% of its health!)</small><br></div><div class="battle-history"><small>Faith's Sp. Atk rose!</small><br></div><div class="spacer battle-history"><br></div><h2 class="battle-history">Turn 25</h2><div class="spacer battle-history"><br></div><div class="battle-history">The opposing Palafin used <strong>Jet Punch</strong>!<br></div><div class="battle-history"><small>It's not very effective...</small><br></div><div class="battle-history"><small>(Faith lost 46% of its health!)</small><br></div><div class="spacer battle-history"><br></div><div class="battle-history">Faith fainted!<br></div><div class="spacer battle-history"><br></div><div class="battle-history">Go! Gamora (<strong>Terapagos-Terastal</strong>)!<br></div><div class="spacer battle-history"><br></div><h2 class="battle-history">Turn 26</h2><div class="spacer battle-history"><br></div><div class="battle-history">The opposing Palafin used <strong>Jet Punch</strong>!<br></div><div class="battle-history"><small>(Gamora lost 89% of its health!)</small><br></div><div class="spacer battle-history"><br></div><div class="battle-history">Gamora used <strong>Tera Starstorm</strong>!<br></div><div class="battle-history"><small>(The opposing Palafin lost 4% of its health!)</small><br></div><div class="spacer battle-history"><br></div><div class="battle-history">The opposing Palafin fainted!<br></div><div class="spacer battle-history"><br></div><div class="battle-history"><small>Gamora restored a little HP using its Leftovers!</small><br></div><div class="spacer battle-history"><br></div><div class="battle-history">mew2army sent out <strong>Whimsicott</strong>!<br></div><div class="spacer battle-history"><br></div><h2 class="battle-history">Turn 27</h2><div class="spacer battle-history"><br></div><div class="battle-history">The opposing Whimsicott used <strong>Moonblast</strong>!<br></div><div class="battle-history"><small>(Gamora lost 12% of its health!)</small><br></div><div class="spacer battle-history"><br></div><div class="battle-history">Gamora fainted!<br></div><div class="spacer battle-history"><br></div><div class="battle-history">Go! Bully (<strong>Hydreigon</strong>)!<br></div><div class="spacer battle-history"><br></div><h2 class="battle-history">Turn 28</h2><div class="chat chatmessage-mew2army"><strong style="color:#6a9339"><small class="groupsymbol">☆</small><span class="username">mew2army</span>:</strong> <em>gg</em></div><div class="spacer battle-history"><br></div><div class="battle-history">The opposing Whimsicott used <strong>Moonblast</strong>!<br></div><div class="battle-history"><small>It's super effective!</small><br></div><div class="battle-history"><small>(Bully lost 100% of its health!)</small><br></div><div class="spacer battle-history"><br></div><div class="battle-history">Bully fainted!<br></div><div class="spacer battle-history"><br></div><div class="battle-history"><strong>mew2army</strong> won the battle!<br></div><div class="chat chatmessage-chugaroo"><strong style="color:#0ea48e"><small class="groupsymbol">☆</small><span class="username">Chugaroo</span>:</strong> <em>gg</em></div><div class="chat chatmessage-chugaroo"><strong style="color:#0ea48e"><small class="groupsymbol">☆</small><span class="username">Chugaroo</span>:</strong> <em>that was close, that palafin getting that stacked did it in for me</em></div></div><div class="inner-preempt message-log"></div></div></div>
</div>
<script>
let daily = Math.floor(Date.now()/1000/60/60/24);document.write('<script src="https://play.pokemonshowdown.com/js/replay-embed.js?version'+daily+'"></'+'script>');
</script>
