<!DOCTYPE html>
<meta charset="utf-8" />
<!-- version 1 -->
<title>[Gen 9] NatDex Draft replay: The_OxAlChemist vs. Bisharp-Supreme</title>
<style>
html,body {font-family:Verdana, sans-serif;font-size:10pt;margin:0;padding:0;}body{padding:12px 0;} .battle-log {font-family:Verdana, sans-serif;font-size:10pt;} .battle-log-inline {border:1px solid #AAAAAA;background:#EEF2F5;color:black;max-width:640px;margin:0 auto 80px;padding-bottom:5px;} .battle-log .inner {padding:4px 8px 0px 8px;} .battle-log .inner-preempt {padding:0 8px 4px 8px;} .battle-log .inner-after {margin-top:0.5em;} .battle-log h2 {margin:0.5em -8px;padding:4px 8px;border:1px solid #AAAAAA;background:#E0E7EA;border-left:0;border-right:0;font-family:Verdana, sans-serif;font-size:13pt;} .battle-log .chat {vertical-align:middle;padding:3px 0 3px 0;font-size:8pt;} .battle-log .chat strong {color:#40576A;} .battle-log .chat em {padding:1px 4px 1px 3px;color:#000000;font-style:normal;} .chat.mine {background:rgba(0,0,0,0.05);margin-left:-8px;margin-right:-8px;padding-left:8px;padding-right:8px;} .spoiler {color:#BBBBBB;background:#BBBBBB;padding:0px 3px;} .spoiler:hover, .spoiler:active, .spoiler-shown {color:#000000;background:#E2E2E2;padding:0px 3px;} .spoiler a {color:#BBBBBB;} .spoiler:hover a, .spoiler:active a, .spoiler-shown a {color:#2288CC;} .chat code, .chat .spoiler:hover code, .chat .spoiler:active code, .chat .spoiler-shown code {border:1px solid #C0C0C0;background:#EEEEEE;color:black;padding:0 2px;} .chat .spoiler code {border:1px solid #CCCCCC;background:#CCCCCC;color:#CCCCCC;} .battle-log .rated {padding:3px 4px;} .battle-log .rated strong {color:white;background:#89A;padding:1px 4px;border-radius:4px;} .spacer {margin-top:0.5em;} .message-announce {background:#6688AA;color:white;padding:1px 4px 2px;} .message-announce a, .broadcast-green a, .broadcast-blue a, .broadcast-red a {color:#DDEEFF;} .broadcast-green {background-color:#559955;color:white;padding:2px 4px;} .broadcast-blue {background-color:#6688AA;color:white;padding:2px 4px;} .infobox {border:1px solid #6688AA;padding:2px 4px;} .infobox-limited {max-height:200px;overflow:auto;overflow-x:hidden;} .broadcast-red {background-color:#AA5544;color:white;padding:2px 4px;} .message-learn-canlearn {font-weight:bold;color:#228822;text-decoration:underline;} .message-learn-cannotlearn {font-weight:bold;color:#CC2222;text-decoration:underline;} .message-effect-weak {font-weight:bold;color:#CC2222;} .message-effect-resist {font-weight:bold;color:#6688AA;} .message-effect-immune {font-weight:bold;color:#666666;} .message-learn-list {margin-top:0;margin-bottom:0;} .message-throttle-notice, .message-error {color:#992222;} .message-overflow, .chat small.message-overflow {font-size:0pt;} .message-overflow::before {font-size:9pt;content:'...';} .subtle {color:#3A4A66;}
</style>
<div class="wrapper replay-wrapper" style="max-width:1180px;margin:0 auto">
<input type="hidden" name="replayid" value="gen9natdexdraft-2370571953" />
<div class="battle"></div><div class="battle-log"></div><div class="replay-controls"></div><div class="replay-controls-2"></div>
<h1 style="font-weight:normal;text-align:center"><strong>[Gen 9] NatDex Draft</strong><br /><a href="http://pokemonshowdown.com/users/theoxalchemist" class="subtle" target="_blank">The_OxAlChemist</a> vs. <a href="http://pokemonshowdown.com/users/bisharpsupreme" class="subtle" target="_blank">Bisharp-Supreme</a></h1>
<script type="text/plain" class="battle-log-data">
|j|☆The_OxAlChemist
|j|☆Bisharp-Supreme
|t:|1748038357
|gametype|singles
|player|p1|The_OxAlChemist|102|
|player|p2|Bisharp-Supreme|harlequin|
|teamsize|p1|6
|teamsize|p2|6
|gen|9
|tier|[Gen 9] NatDex Draft
|rule|Sleep Clause Mod: Limit one foe put to sleep
|rule|OHKO Clause: OHKO moves are banned
|rule|Evasion Clause: Evasion abilities, items, and moves are banned
|rule|Evasion Abilities Clause: Evasion abilities are banned
|rule|Evasion Items Clause: Evasion items are banned
|rule|Evasion Moves Clause: Evasion moves are banned
|rule|Endless Battle Clause: Forcing endless battles is banned
|rule|HP Percentage Mod: HP is shown in percentages
|clearpoke
|poke|p1|Chi-Yu|
|poke|p1|Torkoal, M|
|poke|p1|Doublade, M|
|poke|p1|Zoroark-Hisui, F|
|poke|p1|Dachsbun, F|
|poke|p1|Roaring Moon|
|poke|p2|Gallade, M|
|poke|p2|Moltres|
|poke|p2|Kyurem|
|poke|p2|Great Tusk|
|poke|p2|Muk-Alola, M|
|poke|p2|Deoxys-Defense|
|teampreview
|c|☆Bisharp-Supreme|Glhf
|c|☆The_OxAlChemist|Likewise!
|
|t:|1748038511
|start
|switch|p1a: RoaringMid|Roaring Moon|100\/100
|switch|p2a: Deoxys|Deoxys-Defense|100\/100
|-ability|p2a: Deoxys|Pressure
|turn|1
|
|t:|1748038542
|move|p1a: RoaringMid|Bitter Malice|p2a: Deoxys
|-supereffective|p2a: Deoxys
|-damage|p2a: Deoxys|39\/100
|-unboost|p2a: Deoxys|atk|1
|move|p2a: Deoxys|Toxic|p1a: RoaringMid
|-status|p1a: RoaringMid|tox
|
|-heal|p2a: Deoxys|46\/100|[from] item: Leftovers
|-damage|p1a: RoaringMid|95\/100 tox|[from] psn
|upkeep
|turn|2
|
|t:|1748038559
|switch|p2a: Muk|Muk-Alola, M|100\/100
|move|p1a: RoaringMid|Bitter Malice|p2a: Muk
|-resisted|p2a: Muk
|-damage|p2a: Muk|76\/100
|-unboost|p2a: Muk|atk|1
|
|-heal|p2a: Muk|82\/100|[from] item: Leftovers
|-damage|p1a: RoaringMid|83\/100 tox|[from] psn
|upkeep
|turn|3
|
|t:|1748038595
|switch|p1a: MY SUN|Torkoal, M|100\/100
|-weather|SunnyDay|[from] ability: Drought|[of] p1a: MY SUN
|move|p2a: Muk|Knock Off|p1a: MY SUN
|-damage|p1a: MY SUN|76\/100
|-enditem|p1a: MY SUN|Heat Rock|[from] move: Knock Off|[of] p2a: Muk
|
|-weather|SunnyDay|[upkeep]
|-heal|p2a: Muk|88\/100|[from] item: Leftovers
|upkeep
|turn|4
|
|t:|1748038637
|move|p2a: Muk|Poison Jab|p1a: MY SUN
|-damage|p1a: MY SUN|56\/100
|-status|p1a: MY SUN|psn|[from] ability: Poison Touch|[of] p2a: Muk
|move|p1a: MY SUN|Earthquake|p2a: Muk
|-supereffective|p2a: Muk
|-damage|p2a: Muk|25\/100
|
|-weather|SunnyDay|[upkeep]
|-heal|p2a: Muk|31\/100|[from] item: Leftovers
|-damage|p1a: MY SUN|43\/100 psn|[from] psn
|upkeep
|turn|5
|
|t:|1748038648
|switch|p2a: Moltres|Moltres|100\/100
|move|p1a: MY SUN|Earthquake|p2a: Moltres
|-immune|p2a: Moltres
|
|-weather|SunnyDay|[upkeep]
|-damage|p1a: MY SUN|31\/100 psn|[from] psn
|upkeep
|turn|6
|
|t:|1748038659
|switch|p1a: Oscar|Dachsbun, F|100\/100
|move|p2a: Moltres|Flamethrower|p1a: Oscar
|-ability|p1a: Oscar|Well-Baked Body|boost
|-boost|p1a: Oscar|def|2
|
|-weather|SunnyDay|[upkeep]
|upkeep
|turn|7
|
|t:|1748038670
|move|p1a: Oscar|Crunch|p2a: Moltres
|-damage|p2a: Moltres|85\/100
|move|p2a: Moltres|Will-O-Wisp|p1a: Oscar
|-ability|p1a: Oscar|Well-Baked Body|boost
|-boost|p1a: Oscar|def|2
|
|-weather|SunnyDay|[upkeep]
|upkeep
|turn|8
|
|t:|1748038719
|switch|p2a: Deoxys|Deoxys-Defense|46\/100
|-ability|p2a: Deoxys|Pressure
|move|p1a: Oscar|Body Press|p2a: Deoxys
|-resisted|p2a: Deoxys
|-damage|p2a: Deoxys|15\/100
|
|-weather|SunnyDay|[upkeep]
|-heal|p2a: Deoxys|22\/100|[from] item: Leftovers
|upkeep
|turn|9
|
|t:|1748038729
|move|p1a: Oscar|Crunch|p2a: Deoxys
|-supereffective|p2a: Deoxys
|-damage|p2a: Deoxys|0 fnt
|faint|p2a: Deoxys
|
|-weather|SunnyDay|[upkeep]
|upkeep
|
|t:|1748038737
|switch|p2a: Gallade|Gallade, M|100\/100
|turn|10
|
|t:|1748038754
|detailschange|p2a: Gallade|Gallade-Mega, M
|-mega|p2a: Gallade|Gallade|Galladite
|move|p2a: Gallade|Knock Off|p1a: Oscar
|-resisted|p1a: Oscar
|-damage|p1a: Oscar|93\/100
|-enditem|p1a: Oscar|Assault Vest|[from] move: Knock Off|[of] p2a: Gallade
|move|p1a: Oscar|Play Rough|p2a: Gallade
|-supereffective|p2a: Gallade
|-damage|p2a: Gallade|22\/100
|
|-weather|none
|upkeep
|turn|11
|
|t:|1748038766
|move|p2a: Gallade|Zen Headbutt|p1a: Oscar
|-damage|p1a: Oscar|75\/100
|move|p1a: Oscar|Body Press|p2a: Gallade
|-resisted|p2a: Gallade
|-damage|p2a: Gallade|0 fnt
|faint|p2a: Gallade
|detailschange|p2: Gallade|Gallade, M|[silent]
|
|upkeep
|
|t:|1748038772
|switch|p2a: Muk|Muk-Alola, M|31\/100
|turn|12
|
|t:|1748038796
|move|p2a: Muk|Protect|p2a: Muk
|-singleturn|p2a: Muk|Protect
|move|p1a: Oscar|Body Press|p2a: Muk
|-activate|p2a: Muk|move: Protect
|
|-heal|p2a: Muk|37\/100|[from] item: Leftovers
|upkeep
|turn|13
|
|t:|1748038803
|move|p1a: Oscar|Body Press|p2a: Muk
|-damage|p2a: Muk|0 fnt
|faint|p2a: Muk
|
|upkeep
|
|t:|1748038808
|switch|p2a: Kyurem|Kyurem|100\/100
|-ability|p2a: Kyurem|Pressure
|turn|14
|
|t:|1748038822
|move|p2a: Kyurem|Earth Power|p1a: Oscar
|-damage|p1a: Oscar|31\/100
|-damage|p2a: Kyurem|91\/100|[from] item: Life Orb
|move|p1a: Oscar|Body Press|p2a: Kyurem
|-supereffective|p2a: Kyurem
|-damage|p2a: Kyurem|0 fnt
|faint|p2a: Kyurem
|
|upkeep
|
|t:|1748038828
|switch|p2a: Great Tusk|Great Tusk|100\/100
|turn|15
|
|t:|1748038838
|move|p2a: Great Tusk|Rock Slide|p1a: Oscar
|-damage|p1a: Oscar|21\/100
|cant|p1a: Oscar|flinch
|
|upkeep
|turn|16
|
|t:|1748038844
|-end|p2a: Great Tusk|Protosynthesis|[silent]
|switch|p2a: Moltres|Moltres|85\/100
|move|p1a: Oscar|Body Press|p2a: Moltres
|-resisted|p2a: Moltres
|-damage|p2a: Moltres|49\/100
|
|upkeep
|turn|17
|
|t:|1748038854
|move|p1a: Oscar|Body Press|p2a: Moltres
|-resisted|p2a: Moltres
|-damage|p2a: Moltres|9\/100
|move|p2a: Moltres|Roost|p2a: Moltres
|-heal|p2a: Moltres|59\/100
|-singleturn|p2a: Moltres|move: Roost
|
|upkeep
|turn|18
|c|☆Bisharp-Supreme|Ggs
|
|t:|1748038876
|switch|p1a: PowerOfGodAndAnime|Doublade, M|100\/100
|switch|p2a: Great Tusk|Great Tusk|100\/100
|
|upkeep
|turn|19
|j| superpanchi
|
|t:|1748038903
|move|p2a: Great Tusk|Headlong Rush|p1a: PowerOfGodAndAnime
|-supereffective|p1a: PowerOfGodAndAnime
|-damage|p1a: PowerOfGodAndAnime|37\/100
|-unboost|p2a: Great Tusk|def|1
|-unboost|p2a: Great Tusk|spd|1
|move|p1a: PowerOfGodAndAnime|Toxic|p2a: Great Tusk
|-status|p2a: Great Tusk|tox
|
|-damage|p2a: Great Tusk|94\/100 tox|[from] psn
|upkeep
|turn|20
|c|☆Bisharp-Supreme|I got crushed here by that damn dog
|c|☆The_OxAlChemist|I'm astounded
|c|☆The_OxAlChemist|He's named after my dog too
|
|t:|1748038985
|switch|p1a: MY SUN|Torkoal, M|31\/100 psn
|-weather|SunnyDay|[from] ability: Drought|[of] p1a: MY SUN
|-activate|p2a: Great Tusk|ability: Protosynthesis
|-start|p2a: Great Tusk|protosynthesisatk
|move|p2a: Great Tusk|Headlong Rush|p1a: MY SUN
|-supereffective|p1a: MY SUN
|-damage|p1a: MY SUN|0 fnt
|-unboost|p2a: Great Tusk|def|1
|-unboost|p2a: Great Tusk|spd|1
|faint|p1a: MY SUN
|
|-weather|SunnyDay|[upkeep]
|-damage|p2a: Great Tusk|82\/100 tox|[from] psn
|upkeep
|
|t:|1748038997
|switch|p1a: RoaringMid|Roaring Moon|100\/100
|-activate|p1a: RoaringMid|ability: Protosynthesis
|-start|p1a: RoaringMid|protosynthesisatk
|turn|21
|
|t:|1748039026
|-end|p2a: Great Tusk|Protosynthesis|[silent]
|switch|p2a: Moltres|Moltres|59\/100
|move|p1a: RoaringMid|Acrobatics|p2a: Moltres
|-damage|p2a: Moltres|32\/100
|
|-weather|SunnyDay|[upkeep]
|upkeep
|turn|22
|
|t:|1748039047
|move|p1a: RoaringMid|Knock Off|p2a: Moltres
|-damage|p2a: Moltres|0 fnt
|-status|p1a: RoaringMid|brn|[from] ability: Flame Body|[of] p2a: Moltres
|-enditem|p2a: Moltres|Heavy-Duty Boots|[from] move: Knock Off|[of] p1a: RoaringMid
|faint|p2a: Moltres
|
|-weather|SunnyDay|[upkeep]
|-damage|p1a: RoaringMid|94\/100 brn|[from] brn
|upkeep
|
|t:|1748039050
|switch|p2a: Great Tusk|Great Tusk|82\/100 tox
|-activate|p2a: Great Tusk|ability: Protosynthesis
|-start|p2a: Great Tusk|protosynthesisatk
|turn|23
|
|t:|1748039085
|move|p2a: Great Tusk|Ice Spinner|p1a: RoaringMid
|-supereffective|p1a: RoaringMid
|-damage|p1a: RoaringMid|0 fnt
|faint|p1a: RoaringMid
|-end|p1a: RoaringMid|Protosynthesis|[silent]
|
|-weather|SunnyDay|[upkeep]
|-damage|p2a: Great Tusk|76\/100 tox|[from] psn
|upkeep
|
|t:|1748039101
|switch|p1a: PowerOfGodAndAnime|Doublade, M|37\/100
|turn|24
|
|t:|1748039108
|move|p2a: Great Tusk|Ice Spinner|p1a: PowerOfGodAndAnime
|-resisted|p1a: PowerOfGodAndAnime
|-damage|p1a: PowerOfGodAndAnime|28\/100
|move|p1a: PowerOfGodAndAnime|Close Combat|p2a: Great Tusk
|-damage|p2a: Great Tusk|53\/100 tox
|-unboost|p1a: PowerOfGodAndAnime|def|1
|-unboost|p1a: PowerOfGodAndAnime|spd|1
|
|-weather|none
|-end|p2a: Great Tusk|Protosynthesis
|-damage|p2a: Great Tusk|41\/100 tox|[from] psn
|upkeep
|turn|25
|
|t:|1748039136
|move|p2a: Great Tusk|Ice Spinner|p1a: PowerOfGodAndAnime
|-resisted|p1a: PowerOfGodAndAnime
|-damage|p1a: PowerOfGodAndAnime|19\/100
|move|p1a: PowerOfGodAndAnime|Close Combat|p2a: Great Tusk
|-damage|p2a: Great Tusk|18\/100 tox
|-unboost|p1a: PowerOfGodAndAnime|def|1
|-unboost|p1a: PowerOfGodAndAnime|spd|1
|
|-damage|p2a: Great Tusk|0 fnt|[from] psn
|faint|p2a: Great Tusk
|-end|p2a: Great Tusk|Protosynthesis|[silent]
|
|win|The_OxAlChemist
|c|☆The_OxAlChemist|GG
|c|☆The_OxAlChemist|All hail my dog
|c|☆The_OxAlChemist|Sorry for the timing issues too
|c|☆Bisharp-Supreme|All hail 😂ggs
|c|☆Bisharp-Supreme|went both ways no worries
|l|☆Bisharp-Supreme
|player|p2|
|c|☆The_OxAlChemist|Do you want to report or shall I?
|c|☆The_OxAlChemist|Oh I shall

</script>
</div>
<div class="battle-log battle-log-inline"><div class="inner"><div class="battle-options"></div><div class="inner message-log"><div class="chat"><small>☆The_OxAlChemist and ☆Bisharp-Supreme joined</small></div><div class=""><small>Format:</small> <br><strong>[Gen 9] NatDex Draft</strong></div><div class=""><small><em>Sleep Clause Mod:</em> Limit one foe put to sleep</small></div><div class=""><small><em>OHKO Clause:</em> OHKO moves are banned</small></div><div class=""><small><em>Evasion Clause:</em> Evasion abilities, items, and moves are banned</small></div><div class=""><small><em>Evasion Abilities Clause:</em> Evasion abilities are banned</small></div><div class=""><small><em>Evasion Items Clause:</em> Evasion items are banned</small></div><div class=""><small><em>Evasion Moves Clause:</em> Evasion moves are banned</small></div><div class=""><small><em>Endless Battle Clause:</em> Forcing endless battles is banned</small></div><div class=""><small><em>HP Percentage Mod:</em> HP is shown in percentages</small></div><div class="chat battle-history"><strong>The_OxAlChemist's team:</strong> <em style="color:#445566;display:block;">Chi-Yu / Torkoal / Doublade / Zoroark-Hisui / Dachsbun / Roaring Moon</em></div><div class="chat battle-history"><strong>Bisharp-Supreme's team:</strong> <em style="color:#445566;display:block;">Gallade / Moltres / Kyurem / Great Tusk / Muk-Alola / Deoxys-Defense</em></div><div class="chat chatmessage-bisharpsupreme"><strong style="color:#bf347e"><small class="groupsymbol">☆</small><span class="username">Bisharp-Supreme</span>:</strong> <em>Glhf</em></div><div class="chat chatmessage-theoxalchemist"><strong style="color:#9f3bd5"><small class="groupsymbol">☆</small><span class="username">The_OxAlChemist</span>:</strong> <em>Likewise!</em></div><div class="spacer battle-history"><br></div><div class="battle-history">Battle started between The_OxAlChemist and Bisharp-Supreme!<br></div><div class="spacer battle-history"><br></div><div class="battle-history">Go! RoaringMid (<strong>Roaring Moon</strong>)!<br></div><div class="spacer battle-history"><br></div><div class="battle-history">Bisharp-Supreme sent out Deoxys (<strong>Deoxys-Defense</strong>)!<br></div><div class="battle-history">[The opposing Deoxys's Pressure]<br><small>The opposing Deoxys is exerting its pressure!</small><br></div><div class="spacer battle-history"><br></div><h2 class="battle-history">Turn 1</h2><div class="spacer battle-history"><br></div><div class="battle-history">RoaringMid used <strong>Bitter Malice</strong>!<br></div><div class="battle-history"><small>It's super effective!</small><br></div><div class="battle-history"><small>(The opposing Deoxys lost 61% of its health!)</small><br></div><div class="battle-history"><small>The opposing Deoxys's Attack fell!</small><br></div><div class="spacer battle-history"><br></div><div class="battle-history">The opposing Deoxys used <strong>Toxic</strong>!<br></div><div class="battle-history"><small>RoaringMid was badly poisoned!</small><br></div><div class="spacer battle-history"><br></div><div class="battle-history"><small>The opposing Deoxys restored a little HP using its Leftovers!</small><br></div><div class="battle-history"><small>RoaringMid was hurt by poison!</small><br></div><div class="spacer battle-history"><br></div><h2 class="battle-history">Turn 2</h2><div class="spacer battle-history"><br></div><div class="battle-history">Bisharp-Supreme withdrew Deoxys!<br></div><div class="battle-history">Bisharp-Supreme sent out Muk (<strong>Muk-Alola</strong>)!<br></div><div class="spacer battle-history"><br></div><div class="battle-history">RoaringMid used <strong>Bitter Malice</strong>!<br></div><div class="battle-history"><small>It's not very effective...</small><br></div><div class="battle-history"><small>(The opposing Muk lost 24% of its health!)</small><br></div><div class="battle-history"><small>The opposing Muk's Attack fell!</small><br></div><div class="spacer battle-history"><br></div><div class="battle-history"><small>The opposing Muk restored a little HP using its Leftovers!</small><br></div><div class="battle-history"><small>RoaringMid was hurt by poison!</small><br></div><div class="spacer battle-history"><br></div><h2 class="battle-history">Turn 3</h2><div class="spacer battle-history"><br></div><div class="battle-history">RoaringMid, come back!<br></div><div class="battle-history">Go! MY SUN (<strong>Torkoal</strong>)!<br></div><div class="battle-history">[MY SUN's Drought]<br><small>The sunlight turned harsh!</small><br></div><div class="spacer battle-history"><br></div><div class="battle-history">The opposing Muk used <strong>Knock Off</strong>!<br></div><div class="battle-history"><small>(MY SUN lost 24% of its health!)</small><br></div><div class="battle-history"><small>The opposing Muk knocked off MY SUN's Heat Rock!</small><br></div><div class="spacer battle-history"><br></div><div class="battle-history"><small>(The sunlight is strong.)</small><br></div><div class="battle-history"><small>The opposing Muk restored a little HP using its Leftovers!</small><br></div><div class="spacer battle-history"><br></div><h2 class="battle-history">Turn 4</h2><div class="spacer battle-history"><br></div><div class="battle-history">The opposing Muk used <strong>Poison Jab</strong>!<br></div><div class="battle-history"><small>(MY SUN lost 20% of its health!)</small><br></div><div class="battle-history">[The opposing Muk's Poison Touch]<br><small>MY SUN was poisoned!</small><br></div><div class="spacer battle-history"><br></div><div class="battle-history">MY SUN used <strong>Earthquake</strong>!<br></div><div class="battle-history"><small>It's super effective!</small><br></div><div class="battle-history"><small>(The opposing Muk lost 63% of its health!)</small><br></div><div class="spacer battle-history"><br></div><div class="battle-history"><small>(The sunlight is strong.)</small><br></div><div class="battle-history"><small>The opposing Muk restored a little HP using its Leftovers!</small><br></div><div class="battle-history"><small>MY SUN was hurt by poison!</small><br></div><div class="spacer battle-history"><br></div><h2 class="battle-history">Turn 5</h2><div class="spacer battle-history"><br></div><div class="battle-history">Bisharp-Supreme withdrew Muk!<br></div><div class="battle-history">Bisharp-Supreme sent out <strong>Moltres</strong>!<br></div><div class="spacer battle-history"><br></div><div class="battle-history">MY SUN used <strong>Earthquake</strong>!<br></div><div class="battle-history"><small>It doesn't affect the opposing Moltres...</small><br></div><div class="spacer battle-history"><br></div><div class="battle-history"><small>(The sunlight is strong.)</small><br></div><div class="battle-history"><small>MY SUN was hurt by poison!</small><br></div><div class="spacer battle-history"><br></div><h2 class="battle-history">Turn 6</h2><div class="spacer battle-history"><br></div><div class="battle-history">MY SUN, come back!<br></div><div class="battle-history">Go! Oscar (<strong>Dachsbun</strong>)!<br></div><div class="spacer battle-history"><br></div><div class="battle-history">The opposing Moltres used <strong>Flamethrower</strong>!<br></div><div class="battle-history">[Oscar's Well-Baked Body]<br></div><div class="battle-history"><small>Oscar's Defense rose sharply!</small><br></div><div class="spacer battle-history"><br></div><div class="battle-history"><small>(The sunlight is strong.)</small><br></div><div class="spacer battle-history"><br></div><h2 class="battle-history">Turn 7</h2><div class="spacer battle-history"><br></div><div class="battle-history">Oscar used <strong>Crunch</strong>!<br></div><div class="battle-history"><small>(The opposing Moltres lost 15% of its health!)</small><br></div><div class="spacer battle-history"><br></div><div class="battle-history">The opposing Moltres used <strong>Will-O-Wisp</strong>!<br></div><div class="battle-history">[Oscar's Well-Baked Body]<br></div><div class="battle-history"><small>Oscar's Defense rose sharply!</small><br></div><div class="spacer battle-history"><br></div><div class="battle-history"><small>(The sunlight is strong.)</small><br></div><div class="spacer battle-history"><br></div><h2 class="battle-history">Turn 8</h2><div class="spacer battle-history"><br></div><div class="battle-history">Bisharp-Supreme withdrew Moltres!<br></div><div class="battle-history">Bisharp-Supreme sent out Deoxys (<strong>Deoxys-Defense</strong>)!<br></div><div class="battle-history">[The opposing Deoxys's Pressure]<br><small>The opposing Deoxys is exerting its pressure!</small><br></div><div class="spacer battle-history"><br></div><div class="battle-history">Oscar used <strong>Body Press</strong>!<br></div><div class="battle-history"><small>It's not very effective...</small><br></div><div class="battle-history"><small>(The opposing Deoxys lost 31% of its health!)</small><br></div><div class="spacer battle-history"><br></div><div class="battle-history"><small>(The sunlight is strong.)</small><br></div><div class="battle-history"><small>The opposing Deoxys restored a little HP using its Leftovers!</small><br></div><div class="spacer battle-history"><br></div><h2 class="battle-history">Turn 9</h2><div class="spacer battle-history"><br></div><div class="battle-history">Oscar used <strong>Crunch</strong>!<br></div><div class="battle-history"><small>It's super effective!</small><br></div><div class="battle-history"><small>(The opposing Deoxys lost 22% of its health!)</small><br></div><div class="spacer battle-history"><br></div><div class="battle-history">The opposing Deoxys fainted!<br></div><div class="spacer battle-history"><br></div><div class="battle-history"><small>(The sunlight is strong.)</small><br></div><div class="spacer battle-history"><br></div><div class="battle-history">Bisharp-Supreme sent out <strong>Gallade</strong>!<br></div><div class="spacer battle-history"><br></div><h2 class="battle-history">Turn 10</h2><div class="spacer battle-history"><br></div><div class="battle-history"><small>The opposing Gallade's Galladite is reacting to the Key Stone!</small><br>The opposing Gallade has Mega Evolved into Mega Gallade!<br></div><div class="spacer battle-history"><br></div><div class="battle-history">The opposing Gallade used <strong>Knock Off</strong>!<br></div><div class="battle-history"><small>It's not very effective...</small><br></div><div class="battle-history"><small>(Oscar lost 7% of its health!)</small><br></div><div class="battle-history"><small>The opposing Gallade knocked off Oscar's Assault Vest!</small><br></div><div class="spacer battle-history"><br></div><div class="battle-history">Oscar used <strong>Play Rough</strong>!<br></div><div class="battle-history"><small>It's super effective!</small><br></div><div class="battle-history"><small>(The opposing Gallade lost 78% of its health!)</small><br></div><div class="spacer battle-history"><br></div><div class="battle-history"><small>The harsh sunlight faded.</small><br></div><div class="spacer battle-history"><br></div><h2 class="battle-history">Turn 11</h2><div class="spacer battle-history"><br></div><div class="battle-history">The opposing Gallade used <strong>Zen Headbutt</strong>!<br></div><div class="battle-history"><small>(Oscar lost 18% of its health!)</small><br></div><div class="spacer battle-history"><br></div><div class="battle-history">Oscar used <strong>Body Press</strong>!<br></div><div class="battle-history"><small>It's not very effective...</small><br></div><div class="battle-history"><small>(The opposing Gallade lost 22% of its health!)</small><br></div><div class="spacer battle-history"><br></div><div class="battle-history">The opposing Gallade fainted!<br></div><div class="spacer battle-history"><br></div><div class="battle-history">Bisharp-Supreme sent out Muk (<strong>Muk-Alola</strong>)!<br></div><div class="spacer battle-history"><br></div><h2 class="battle-history">Turn 12</h2><div class="spacer battle-history"><br></div><div class="battle-history">The opposing Muk used <strong>Protect</strong>!<br></div><div class="battle-history"><small>The opposing Muk protected itself!</small><br></div><div class="spacer battle-history"><br></div><div class="battle-history">Oscar used <strong>Body Press</strong>!<br></div><div class="battle-history"><small>The opposing Muk protected itself!</small><br></div><div class="spacer battle-history"><br></div><div class="battle-history"><small>The opposing Muk restored a little HP using its Leftovers!</small><br></div><div class="spacer battle-history"><br></div><h2 class="battle-history">Turn 13</h2><div class="spacer battle-history"><br></div><div class="battle-history">Oscar used <strong>Body Press</strong>!<br></div><div class="battle-history"><small>(The opposing Muk lost 37% of its health!)</small><br></div><div class="spacer battle-history"><br></div><div class="battle-history">The opposing Muk fainted!<br></div><div class="spacer battle-history"><br></div><div class="battle-history">Bisharp-Supreme sent out <strong>Kyurem</strong>!<br></div><div class="battle-history">[The opposing Kyurem's Pressure]<br><small>The opposing Kyurem is exerting its pressure!</small><br></div><div class="spacer battle-history"><br></div><h2 class="battle-history">Turn 14</h2><div class="spacer battle-history"><br></div><div class="battle-history">The opposing Kyurem used <strong>Earth Power</strong>!<br></div><div class="battle-history"><small>(Oscar lost 44% of its health!)</small><br></div><div class="battle-history"><small>The opposing Kyurem lost some of its HP!</small><br></div><div class="spacer battle-history"><br></div><div class="battle-history">Oscar used <strong>Body Press</strong>!<br></div><div class="battle-history"><small>It's super effective!</small><br></div><div class="battle-history"><small>(The opposing Kyurem lost 91% of its health!)</small><br></div><div class="spacer battle-history"><br></div><div class="battle-history">The opposing Kyurem fainted!<br></div><div class="spacer battle-history"><br></div><div class="battle-history">Bisharp-Supreme sent out <strong>Great Tusk</strong>!<br></div><div class="spacer battle-history"><br></div><h2 class="battle-history">Turn 15</h2><div class="spacer battle-history"><br></div><div class="battle-history">The opposing Great Tusk used <strong>Rock Slide</strong>!<br></div><div class="battle-history"><small>(Oscar lost 10% of its health!)</small><br></div><div class="spacer battle-history"><br></div><div class="battle-history">Oscar flinched and couldn't move!<br></div><div class="spacer battle-history"><br></div><h2 class="battle-history">Turn 16</h2><div class="spacer battle-history"><br></div><div class="battle-history">Bisharp-Supreme withdrew Great Tusk!<br></div><div class="battle-history">Bisharp-Supreme sent out <strong>Moltres</strong>!<br></div><div class="spacer battle-history"><br></div><div class="battle-history">Oscar used <strong>Body Press</strong>!<br></div><div class="battle-history"><small>It's not very effective...</small><br></div><div class="battle-history"><small>(The opposing Moltres lost 36% of its health!)</small><br></div><div class="spacer battle-history"><br></div><h2 class="battle-history">Turn 17</h2><div class="spacer battle-history"><br></div><div class="battle-history">Oscar used <strong>Body Press</strong>!<br></div><div class="battle-history"><small>It's not very effective...</small><br></div><div class="battle-history"><small>(The opposing Moltres lost 40% of its health!)</small><br></div><div class="spacer battle-history"><br></div><div class="battle-history">The opposing Moltres used <strong>Roost</strong>!<br></div><div class="battle-history"><small>The opposing Moltres had its HP restored.</small><br></div><div class="battle-history"><small>(The opposing Moltres loses Flying type this turn.)</small><br></div><div class="spacer battle-history"><br></div><h2 class="battle-history">Turn 18</h2><div class="chat chatmessage-bisharpsupreme"><strong style="color:#bf347e"><small class="groupsymbol">☆</small><span class="username">Bisharp-Supreme</span>:</strong> <em>Ggs</em></div><div class="spacer battle-history"><br></div><div class="battle-history">Oscar, come back!<br></div><div class="battle-history">Go! PowerOfGodAndAnime (<strong>Doublade</strong>)!<br></div><div class="spacer battle-history"><br></div><div class="battle-history">Bisharp-Supreme withdrew Moltres!<br></div><div class="battle-history">Bisharp-Supreme sent out <strong>Great Tusk</strong>!<br></div><div class="spacer battle-history"><br></div><h2 class="battle-history">Turn 19</h2><div class="chat"><small> superpanchi joined</small></div><div class="spacer battle-history"><br></div><div class="battle-history">The opposing Great Tusk used <strong>Headlong Rush</strong>!<br></div><div class="battle-history"><small>It's super effective!</small><br></div><div class="battle-history"><small>(PowerOfGodAndAnime lost 63% of its health!)</small><br></div><div class="battle-history"><small>The opposing Great Tusk's Defense fell!</small><br></div><div class="battle-history"><small>The opposing Great Tusk's Sp. Def fell!</small><br></div><div class="spacer battle-history"><br></div><div class="battle-history">PowerOfGodAndAnime used <strong>Toxic</strong>!<br></div><div class="battle-history"><small>The opposing Great Tusk was badly poisoned!</small><br></div><div class="spacer battle-history"><br></div><div class="battle-history"><small>The opposing Great Tusk was hurt by poison!</small><br></div><div class="spacer battle-history"><br></div><h2 class="battle-history">Turn 20</h2><div class="chat chatmessage-bisharpsupreme"><strong style="color:#bf347e"><small class="groupsymbol">☆</small><span class="username">Bisharp-Supreme</span>:</strong> <em>I got crushed here by that damn dog</em></div><div class="chat chatmessage-theoxalchemist"><strong style="color:#9f3bd5"><small class="groupsymbol">☆</small><span class="username">The_OxAlChemist</span>:</strong> <em>I'm astounded</em></div><div class="chat chatmessage-theoxalchemist"><strong style="color:#9f3bd5"><small class="groupsymbol">☆</small><span class="username">The_OxAlChemist</span>:</strong> <em>He's named after my dog too</em></div><div class="spacer battle-history"><br></div><div class="battle-history">PowerOfGodAndAnime, come back!<br></div><div class="battle-history">Go! MY SUN (<strong>Torkoal</strong>)!<br></div><div class="battle-history">[MY SUN's Drought]<br><small>The sunlight turned harsh!</small><br></div><div class="battle-history">[The opposing Great Tusk's Protosynthesis]<br><small>The harsh sunlight activated the opposing Great Tusk's Protosynthesis!</small><br></div><div class="battle-history"><small>The opposing Great Tusk's Attack was heightened!</small><br></div><div class="spacer battle-history"><br></div><div class="battle-history">The opposing Great Tusk used <strong>Headlong Rush</strong>!<br></div><div class="battle-history"><small>It's super effective!</small><br></div><div class="battle-history"><small>(MY SUN lost 31% of its health!)</small><br></div><div class="battle-history"><small>The opposing Great Tusk's Defense fell!</small><br></div><div class="battle-history"><small>The opposing Great Tusk's Sp. Def fell!</small><br></div><div class="spacer battle-history"><br></div><div class="battle-history">MY SUN fainted!<br></div><div class="spacer battle-history"><br></div><div class="battle-history"><small>(The sunlight is strong.)</small><br></div><div class="battle-history"><small>The opposing Great Tusk was hurt by poison!</small><br></div><div class="spacer battle-history"><br></div><div class="battle-history">Go! RoaringMid (<strong>Roaring Moon</strong>)!<br></div><div class="battle-history">[RoaringMid's Protosynthesis]<br><small>The harsh sunlight activated RoaringMid's Protosynthesis!</small><br></div><div class="battle-history"><small>RoaringMid's Attack was heightened!</small><br></div><div class="spacer battle-history"><br></div><h2 class="battle-history">Turn 21</h2><div class="spacer battle-history"><br></div><div class="battle-history">Bisharp-Supreme withdrew Great Tusk!<br></div><div class="battle-history">Bisharp-Supreme sent out <strong>Moltres</strong>!<br></div><div class="spacer battle-history"><br></div><div class="battle-history">RoaringMid used <strong>Acrobatics</strong>!<br></div><div class="battle-history"><small>(The opposing Moltres lost 27% of its health!)</small><br></div><div class="spacer battle-history"><br></div><div class="battle-history"><small>(The sunlight is strong.)</small><br></div><div class="spacer battle-history"><br></div><h2 class="battle-history">Turn 22</h2><div class="spacer battle-history"><br></div><div class="battle-history">RoaringMid used <strong>Knock Off</strong>!<br></div><div class="battle-history"><small>(The opposing Moltres lost 32% of its health!)</small><br></div><div class="battle-history">[The opposing Moltres's Flame Body]<br><small>RoaringMid was burned!</small><br></div><div class="battle-history"><small>RoaringMid knocked off the opposing Moltres's Heavy-Duty Boots!</small><br></div><div class="spacer battle-history"><br></div><div class="battle-history">The opposing Moltres fainted!<br></div><div class="spacer battle-history"><br></div><div class="battle-history"><small>(The sunlight is strong.)</small><br></div><div class="battle-history"><small>RoaringMid was hurt by its burn!</small><br></div><div class="spacer battle-history"><br></div><div class="battle-history">Bisharp-Supreme sent out <strong>Great Tusk</strong>!<br></div><div class="battle-history">[The opposing Great Tusk's Protosynthesis]<br><small>The harsh sunlight activated the opposing Great Tusk's Protosynthesis!</small><br></div><div class="battle-history"><small>The opposing Great Tusk's Attack was heightened!</small><br></div><div class="spacer battle-history"><br></div><h2 class="battle-history">Turn 23</h2><div class="spacer battle-history"><br></div><div class="battle-history">The opposing Great Tusk used <strong>Ice Spinner</strong>!<br></div><div class="battle-history"><small>It's super effective!</small><br></div><div class="battle-history"><small>(RoaringMid lost 94% of its health!)</small><br></div><div class="spacer battle-history"><br></div><div class="battle-history">RoaringMid fainted!<br></div><div class="spacer battle-history"><br></div><div class="battle-history"><small>(The sunlight is strong.)</small><br></div><div class="battle-history"><small>The opposing Great Tusk was hurt by poison!</small><br></div><div class="spacer battle-history"><br></div><div class="battle-history">Go! PowerOfGodAndAnime (<strong>Doublade</strong>)!<br></div><div class="spacer battle-history"><br></div><h2 class="battle-history">Turn 24</h2><div class="spacer battle-history"><br></div><div class="battle-history">The opposing Great Tusk used <strong>Ice Spinner</strong>!<br></div><div class="battle-history"><small>It's not very effective...</small><br></div><div class="battle-history"><small>(PowerOfGodAndAnime lost 9% of its health!)</small><br></div><div class="spacer battle-history"><br></div><div class="battle-history">PowerOfGodAndAnime used <strong>Close Combat</strong>!<br></div><div class="battle-history"><small>(The opposing Great Tusk lost 23% of its health!)</small><br></div><div class="battle-history"><small>PowerOfGodAndAnime's Defense fell!</small><br></div><div class="battle-history"><small>PowerOfGodAndAnime's Sp. Def fell!</small><br></div><div class="spacer battle-history"><br></div><div class="battle-history"><small>The harsh sunlight faded.</small><br></div><div class="battle-history"><small>The effects of the opposing Great Tusk's Protosynthesis wore off!</small><br></div><div class="battle-history"><small>The opposing Great Tusk was hurt by poison!</small><br></div><div class="spacer battle-history"><br></div><h2 class="battle-history">Turn 25</h2><div class="spacer battle-history"><br></div><div class="battle-history">The opposing Great Tusk used <strong>Ice Spinner</strong>!<br></div><div class="battle-history"><small>It's not very effective...</small><br></div><div class="battle-history"><small>(PowerOfGodAndAnime lost 9% of its health!)</small><br></div><div class="spacer battle-history"><br></div><div class="battle-history">PowerOfGodAndAnime used <strong>Close Combat</strong>!<br></div><div class="battle-history"><small>(The opposing Great Tusk lost 23% of its health!)</small><br></div><div class="battle-history"><small>PowerOfGodAndAnime's Defense fell!</small><br></div><div class="battle-history"><small>PowerOfGodAndAnime's Sp. Def fell!</small><br></div><div class="spacer battle-history"><br></div><div class="battle-history"><small>The opposing Great Tusk was hurt by poison!</small><br></div><div class="spacer battle-history"><br></div><div class="battle-history">The opposing Great Tusk fainted!<br></div><div class="spacer battle-history"><br></div><div class="battle-history"><strong>The_OxAlChemist</strong> won the battle!<br></div><div class="chat chatmessage-theoxalchemist"><strong style="color:#9f3bd5"><small class="groupsymbol">☆</small><span class="username">The_OxAlChemist</span>:</strong> <em>GG</em></div><div class="chat chatmessage-theoxalchemist"><strong style="color:#9f3bd5"><small class="groupsymbol">☆</small><span class="username">The_OxAlChemist</span>:</strong> <em>All hail my dog</em></div><div class="chat chatmessage-theoxalchemist"><strong style="color:#9f3bd5"><small class="groupsymbol">☆</small><span class="username">The_OxAlChemist</span>:</strong> <em>Sorry for the timing issues too</em></div><div class="chat chatmessage-bisharpsupreme"><strong style="color:#bf347e"><small class="groupsymbol">☆</small><span class="username">Bisharp-Supreme</span>:</strong> <em>All hail 😂ggs</em></div><div class="chat chatmessage-bisharpsupreme"><strong style="color:#bf347e"><small class="groupsymbol">☆</small><span class="username">Bisharp-Supreme</span>:</strong> <em>went both ways no worries</em></div><div class="chat"><small>☆Bisharp-Supreme left</small></div><div class="chat chatmessage-theoxalchemist"><strong style="color:#9f3bd5"><small class="groupsymbol">☆</small><span class="username">The_OxAlChemist</span>:</strong> <em>Do you want to report or shall I?</em></div><div class="chat chatmessage-theoxalchemist"><strong style="color:#9f3bd5"><small class="groupsymbol">☆</small><span class="username">The_OxAlChemist</span>:</strong> <em>Oh I shall</em></div></div><div class="inner-preempt message-log"></div></div></div>
</div>
<script>
let daily = Math.floor(Date.now()/1000/60/60/24);document.write('<script src="https://play.pokemonshowdown.com/js/replay-embed.js?version'+daily+'"></'+'script>');
</script>
