<!DOCTYPE html>
<meta charset="utf-8" />
<!-- version 1 -->
<title>[Gen 9] NatDex Draft replay: Artman_Shan vs. PLZXEN</title>
<style>
html,body {font-family:Verdana, sans-serif;font-size:10pt;margin:0;padding:0;}body{padding:12px 0;} .battle-log {font-family:Verdana, sans-serif;font-size:10pt;} .battle-log-inline {border:1px solid #AAAAAA;background:#EEF2F5;color:black;max-width:640px;margin:0 auto 80px;padding-bottom:5px;} .battle-log .inner {padding:4px 8px 0px 8px;} .battle-log .inner-preempt {padding:0 8px 4px 8px;} .battle-log .inner-after {margin-top:0.5em;} .battle-log h2 {margin:0.5em -8px;padding:4px 8px;border:1px solid #AAAAAA;background:#E0E7EA;border-left:0;border-right:0;font-family:Verdana, sans-serif;font-size:13pt;} .battle-log .chat {vertical-align:middle;padding:3px 0 3px 0;font-size:8pt;} .battle-log .chat strong {color:#40576A;} .battle-log .chat em {padding:1px 4px 1px 3px;color:#000000;font-style:normal;} .chat.mine {background:rgba(0,0,0,0.05);margin-left:-8px;margin-right:-8px;padding-left:8px;padding-right:8px;} .spoiler {color:#BBBBBB;background:#BBBBBB;padding:0px 3px;} .spoiler:hover, .spoiler:active, .spoiler-shown {color:#000000;background:#E2E2E2;padding:0px 3px;} .spoiler a {color:#BBBBBB;} .spoiler:hover a, .spoiler:active a, .spoiler-shown a {color:#2288CC;} .chat code, .chat .spoiler:hover code, .chat .spoiler:active code, .chat .spoiler-shown code {border:1px solid #C0C0C0;background:#EEEEEE;color:black;padding:0 2px;} .chat .spoiler code {border:1px solid #CCCCCC;background:#CCCCCC;color:#CCCCCC;} .battle-log .rated {padding:3px 4px;} .battle-log .rated strong {color:white;background:#89A;padding:1px 4px;border-radius:4px;} .spacer {margin-top:0.5em;} .message-announce {background:#6688AA;color:white;padding:1px 4px 2px;} .message-announce a, .broadcast-green a, .broadcast-blue a, .broadcast-red a {color:#DDEEFF;} .broadcast-green {background-color:#559955;color:white;padding:2px 4px;} .broadcast-blue {background-color:#6688AA;color:white;padding:2px 4px;} .infobox {border:1px solid #6688AA;padding:2px 4px;} .infobox-limited {max-height:200px;overflow:auto;overflow-x:hidden;} .broadcast-red {background-color:#AA5544;color:white;padding:2px 4px;} .message-learn-canlearn {font-weight:bold;color:#228822;text-decoration:underline;} .message-learn-cannotlearn {font-weight:bold;color:#CC2222;text-decoration:underline;} .message-effect-weak {font-weight:bold;color:#CC2222;} .message-effect-resist {font-weight:bold;color:#6688AA;} .message-effect-immune {font-weight:bold;color:#666666;} .message-learn-list {margin-top:0;margin-bottom:0;} .message-throttle-notice, .message-error {color:#992222;} .message-overflow, .chat small.message-overflow {font-size:0pt;} .message-overflow::before {font-size:9pt;content:'...';} .subtle {color:#3A4A66;}
</style>
<div class="wrapper replay-wrapper" style="max-width:1180px;margin:0 auto">
<input type="hidden" name="replayid" value="gen9natdexdraft-2360722474" />
<div class="battle"></div><div class="battle-log"></div><div class="replay-controls"></div><div class="replay-controls-2"></div>
<h1 style="font-weight:normal;text-align:center"><strong>[Gen 9] NatDex Draft</strong><br /><a href="http://pokemonshowdown.com/users/artmanshan" class="subtle" target="_blank">Artman_Shan</a> vs. <a href="http://pokemonshowdown.com/users/plzxen" class="subtle" target="_blank">PLZXEN</a></h1>
<script type="text/plain" class="battle-log-data">
|j|☆Artman_Shan
|j|☆PLZXEN
|t:|1746835786
|gametype|singles
|player|p1|Artman_Shan|266|
|player|p2|PLZXEN|cyrus|
|teamsize|p1|6
|teamsize|p2|6
|gen|9
|tier|[Gen 9] NatDex Draft
|rule|Sleep Clause Mod: Limit one foe put to sleep
|rule|OHKO Clause: OHKO moves are banned
|rule|Evasion Clause: Evasion abilities, items, and moves are banned
|rule|Evasion Abilities Clause: Evasion abilities are banned
|rule|Evasion Items Clause: Evasion items are banned
|rule|Evasion Moves Clause: Evasion moves are banned
|rule|Endless Battle Clause: Forcing endless battles is banned
|rule|HP Percentage Mod: HP is shown in percentages
|clearpoke
|poke|p1|Tapu Koko|
|poke|p1|Celesteela|
|poke|p1|Donphan, M|
|poke|p1|Blastoise, F|
|poke|p1|Zapdos-Galar|
|poke|p1|Accelgor, F|
|poke|p2|Celebi|
|poke|p2|Goodra, F|
|poke|p2|Gholdengo|
|poke|p2|Spectrier|
|poke|p2|Stunfisk, F|
|poke|p2|Tapu Fini|
|teampreview
|c|☆PLZXEN|GL man
|c|☆Artman_Shan|GLHF
|n|☆Artman_Shan|artmanshan
|j| GuRRuO
|
|t:|1746835894
|start
|switch|p1a: Ralphy|Donphan, M|100\/100
|switch|p2a: Stunfisk|Stunfisk, F, shiny|100\/100
|turn|1
|
|t:|1746835926
|move|p1a: Ralphy|Earthquake|p2a: Stunfisk
|-supereffective|p2a: Stunfisk
|-damage|p2a: Stunfisk|29\/100
|move|p2a: Stunfisk|Stealth Rock|p1a: Ralphy
|-sidestart|p1: Artman_Shan|move: Stealth Rock
|
|-heal|p2a: Stunfisk|35\/100|[from] item: Leftovers
|upkeep
|turn|2
|
|t:|1746835945
|switch|p2a: Goodra|Goodra, F, shiny|100\/100
|move|p1a: Ralphy|Earthquake|p2a: Goodra
|-damage|p2a: Goodra|47\/100
|
|upkeep
|turn|3
|
|t:|1746835961
|move|p1a: Ralphy|Ice Shard|p2a: Goodra
|-supereffective|p2a: Goodra
|-damage|p2a: Goodra|15\/100
|move|p2a: Goodra|Knock Off|p1a: Ralphy
|-damage|p1a: Ralphy|88\/100
|-enditem|p1a: Ralphy|Heavy-Duty Boots|[from] move: Knock Off|[of] p2a: Goodra
|
|upkeep
|turn|4
|
|t:|1746835987
|move|p2a: Goodra|Draco Meteor|p1a: Ralphy
|-damage|p1a: Ralphy|14\/100
|-unboost|p2a: Goodra|spa|2
|move|p1a: Ralphy|Earthquake|p2a: Goodra
|-damage|p2a: Goodra|0 fnt
|faint|p2a: Goodra
|
|upkeep
|j| Soapyboogas
|
|t:|1746835996
|switch|p2a: Celebi|Celebi, shiny|100\/100
|turn|5
|
|t:|1746836002
|move|p1a: Ralphy|Ice Shard|p2a: Celebi
|-supereffective|p2a: Celebi
|-damage|p2a: Celebi|78\/100
|move|p2a: Celebi|Energy Ball|p1a: Ralphy
|-supereffective|p1a: Ralphy
|-damage|p1a: Ralphy|0 fnt
|faint|p1a: Ralphy
|
|upkeep
|
|t:|1746836023
|switch|p1a: Raider Red|Accelgor, F|100\/100
|-damage|p1a: Raider Red|76\/100|[from] Stealth Rock
|turn|6
|
|t:|1746836066
|switch|p2a: Tapu Fini|Tapu Fini, shiny|100\/100
|-fieldstart|move: Misty Terrain|[from] ability: Misty Surge|[of] p2a: Tapu Fini
|move|p1a: Raider Red|Bug Buzz|p2a: Tapu Fini
|-resisted|p2a: Tapu Fini
|-damage|p2a: Tapu Fini|85\/100
|
|upkeep
|turn|7
|
|t:|1746836090
|-terastallize|p1a: Raider Red|Water
|move|p1a: Raider Red|Energy Ball|p2a: Tapu Fini
|-supereffective|p2a: Tapu Fini
|-damage|p2a: Tapu Fini|47\/100
|move|p2a: Tapu Fini|Taunt|p1a: Raider Red
|-start|p1a: Raider Red|move: Taunt
|
|upkeep
|turn|8
|
|t:|1746836108
|move|p1a: Raider Red|Energy Ball|p2a: Tapu Fini
|-supereffective|p2a: Tapu Fini
|-damage|p2a: Tapu Fini|7\/100
|move|p2a: Tapu Fini|Moonblast|p1a: Raider Red
|-damage|p1a: Raider Red|19\/100
|
|upkeep
|turn|9
|
|t:|1746836118
|move|p1a: Raider Red|Energy Ball|p2a: Tapu Fini
|-supereffective|p2a: Tapu Fini
|-damage|p2a: Tapu Fini|0 fnt
|faint|p2a: Tapu Fini
|
|upkeep
|
|t:|1746836146
|switch|p2a: Celebi|Celebi, shiny|78\/100
|turn|10
|
|t:|1746836169
|-terastallize|p2a: Celebi|Grass
|move|p2a: Celebi|Dazzling Gleam|p1a: Raider Red
|-damage|p1a: Raider Red|0 fnt
|faint|p1a: Raider Red
|
|-fieldend|Misty Terrain
|upkeep
|
|t:|1746836202
|switch|p1a: Citro|Celesteela|100\/100
|-damage|p1a: Citro|88\/100|[from] Stealth Rock
|turn|11
|
|t:|1746836215
|switch|p2a: Stunfisk|Stunfisk, F, shiny|35\/100
|move|p1a: Citro|Protect||[still]
|-fail|p1a: Citro
|
|-heal|p1a: Citro|94\/100|[from] item: Leftovers
|-heal|p2a: Stunfisk|41\/100|[from] item: Leftovers
|upkeep
|turn|12
|
|t:|1746836235
|switch|p1a: Swoop|Zapdos-Galar|100\/100
|-damage|p1a: Swoop|88\/100|[from] Stealth Rock
|move|p2a: Stunfisk|Discharge|p1a: Swoop
|-supereffective|p1a: Swoop
|-damage|p1a: Swoop|35\/100
|
|-heal|p2a: Stunfisk|47\/100|[from] item: Leftovers
|upkeep
|turn|13
|
|t:|1746836250
|move|p1a: Swoop|Stomping Tantrum|p2a: Stunfisk
|-supereffective|p2a: Stunfisk
|-damage|p2a: Stunfisk|0 fnt
|faint|p2a: Stunfisk
|
|upkeep
|
|t:|1746836259
|switch|p2a: Celebi|Celebi, shiny, tera:Grass|78\/100
|turn|14
|
|t:|1746836268
|switch|p1a: Citro|Celesteela|94\/100
|-damage|p1a: Citro|82\/100|[from] Stealth Rock
|move|p2a: Celebi|Psychic|p1a: Citro
|-resisted|p1a: Citro
|-damage|p1a: Citro|70\/100
|-unboost|p1a: Citro|spd|1
|
|-heal|p1a: Citro|76\/100|[from] item: Leftovers
|upkeep
|turn|15
|
|t:|1746836282
|switch|p2a: Gholdengo|Gholdengo|100\/100
|move|p1a: Citro|Flamethrower|p2a: Gholdengo
|-supereffective|p2a: Gholdengo
|-damage|p2a: Gholdengo|47\/100
|
|-heal|p1a: Citro|82\/100|[from] item: Leftovers
|upkeep
|turn|16
|
|t:|1746836293
|move|p2a: Gholdengo|Thunderbolt|p1a: Citro
|-supereffective|p1a: Citro
|-damage|p1a: Citro|19\/100
|move|p1a: Citro|Flamethrower|p2a: Gholdengo
|-supereffective|p2a: Gholdengo
|-damage|p2a: Gholdengo|0 fnt
|faint|p2a: Gholdengo
|-ability|p1a: Citro|Beast Boost|boost
|-boost|p1a: Citro|spd|1
|
|-heal|p1a: Citro|25\/100|[from] item: Leftovers
|upkeep
|
|t:|1746836310
|switch|p2a: Spectrier|Spectrier|100\/100
|turn|17
|
|t:|1746836323
|move|p1a: Citro|Protect|p1a: Citro
|-singleturn|p1a: Citro|Protect
|move|p2a: Spectrier|Shadow Ball|p1a: Citro
|-activate|p1a: Citro|move: Protect
|
|-heal|p1a: Citro|31\/100|[from] item: Leftovers
|upkeep
|turn|18
|
|t:|1746836335
|move|p2a: Spectrier|Shadow Ball|p1a: Citro
|-damage|p1a: Citro|0 fnt
|faint|p1a: Citro
|-ability|p2a: Spectrier|Grim Neigh|boost
|-boost|p2a: Spectrier|spa|1
|
|upkeep
|
|t:|1746836357
|switch|p1a: Pistol Pete|Blastoise, F|100\/100
|-damage|p1a: Pistol Pete|88\/100|[from] Stealth Rock
|turn|19
|
|t:|1746836370
|switch|p2a: Celebi|Celebi, shiny, tera:Grass|78\/100
|detailschange|p1a: Pistol Pete|Blastoise-Mega, F
|-mega|p1a: Pistol Pete|Blastoise|Blastoisinite
|move|p1a: Pistol Pete|Rapid Spin|p2a: Celebi
|-damage|p2a: Celebi|67\/100
|-boost|p1a: Pistol Pete|spe|1
|-sideend|p1: Artman_Shan|Stealth Rock|[from] move: Rapid Spin|[of] p1a: Pistol Pete
|
|upkeep
|turn|20
|
|t:|1746836383
|move|p2a: Celebi|Energy Ball|p1a: Pistol Pete
|-supereffective|p1a: Pistol Pete
|-damage|p1a: Pistol Pete|3\/100
|move|p1a: Pistol Pete|Dark Pulse|p2a: Celebi
|-damage|p2a: Celebi|24\/100
|
|upkeep
|turn|21
|
|t:|1746836394
|move|p2a: Celebi|Energy Ball|p1a: Pistol Pete
|-supereffective|p1a: Pistol Pete
|-damage|p1a: Pistol Pete|0 fnt
|faint|p1a: Pistol Pete
|
|upkeep
|
|t:|1746836409
|switch|p1a: Swoop|Zapdos-Galar|35\/100
|turn|22
|
|t:|1746836432
|switch|p2a: Spectrier|Spectrier|100\/100
|move|p1a: Swoop|U-turn|p2a: Spectrier
|-resisted|p2a: Spectrier
|-damage|p2a: Spectrier|73\/100
|
|t:|1746836437
|switch|p1a: Knightro|Tapu Koko|100\/100|[from] U-turn
|-fieldstart|move: Electric Terrain|[from] ability: Electric Surge|[of] p1a: Knightro
|
|upkeep
|turn|23
|
|t:|1746836456
|move|p2a: Spectrier|Shadow Ball|p1a: Knightro
|-damage|p1a: Knightro|0 fnt
|faint|p1a: Knightro
|-ability|p2a: Spectrier|Grim Neigh|boost
|-boost|p2a: Spectrier|spa|1
|
|upkeep
|
|t:|1746836462
|switch|p1a: Swoop|Zapdos-Galar|35\/100
|turn|24
|
|t:|1746836472
|move|p2a: Spectrier|Shadow Ball|p1a: Swoop
|-damage|p1a: Swoop|0 fnt
|faint|p1a: Swoop
|
|win|PLZXEN
|c|☆PLZXEN|GGs
|c|☆Artman_Shan|UGGGGGGH
|c| GuRRuO|nice game
|c|☆Artman_Shan|GG
|l|☆PLZXEN
|player|p2|
|l| GuRRuO

</script>
</div>
<div class="battle-log battle-log-inline"><div class="inner"><div class="battle-options"></div><div class="inner message-log"><div class="chat"><small>☆Artman_Shan and ☆PLZXEN joined;  GuRRuO left</small></div><div class=""><small>Format:</small> <br><strong>[Gen 9] NatDex Draft</strong></div><div class=""><small><em>Sleep Clause Mod:</em> Limit one foe put to sleep</small></div><div class=""><small><em>OHKO Clause:</em> OHKO moves are banned</small></div><div class=""><small><em>Evasion Clause:</em> Evasion abilities, items, and moves are banned</small></div><div class=""><small><em>Evasion Abilities Clause:</em> Evasion abilities are banned</small></div><div class=""><small><em>Evasion Items Clause:</em> Evasion items are banned</small></div><div class=""><small><em>Evasion Moves Clause:</em> Evasion moves are banned</small></div><div class=""><small><em>Endless Battle Clause:</em> Forcing endless battles is banned</small></div><div class=""><small><em>HP Percentage Mod:</em> HP is shown in percentages</small></div><div class="chat battle-history"><strong>Artman_Shan's team:</strong> <em style="color:#445566;display:block;">Tapu Koko / Celesteela / Donphan / Blastoise / Zapdos-Galar / Accelgor</em></div><div class="chat battle-history"><strong>PLZXEN's team:</strong> <em style="color:#445566;display:block;">Celebi / Goodra / Gholdengo / Spectrier / Stunfisk / Tapu Fini</em></div><div class="chat chatmessage-plzxen"><strong style="color:#d41525"><small class="groupsymbol">☆</small><span class="username">PLZXEN</span>:</strong> <em>GL man</em></div><div class="chat chatmessage-artmanshan"><strong style="color:#cc2eb9"><small class="groupsymbol">☆</small><span class="username">Artman_Shan</span>:</strong> <em>GLHF</em></div><div class="chat"><small> GuRRuO joined</small></div><div class="spacer battle-history"><br></div><div class="battle-history">Battle started between Artman_Shan and PLZXEN!<br></div><div class="spacer battle-history"><br></div><div class="battle-history">Go! Ralphy (<strong>Donphan</strong>)!<br></div><div class="spacer battle-history"><br></div><div class="battle-history">PLZXEN sent out <strong>Stunfisk</strong>!<br></div><div class="spacer battle-history"><br></div><h2 class="battle-history">Turn 1</h2><div class="spacer battle-history"><br></div><div class="battle-history">Ralphy used <strong>Earthquake</strong>!<br></div><div class="battle-history"><small>It's super effective!</small><br></div><div class="battle-history"><small>(The opposing Stunfisk lost 71% of its health!)</small><br></div><div class="spacer battle-history"><br></div><div class="battle-history">The opposing Stunfisk used <strong>Stealth Rock</strong>!<br></div><div class="battle-history"><small>Pointed stones float in the air around your team!</small><br></div><div class="spacer battle-history"><br></div><div class="battle-history"><small>The opposing Stunfisk restored a little HP using its Leftovers!</small><br></div><div class="spacer battle-history"><br></div><h2 class="battle-history">Turn 2</h2><div class="spacer battle-history"><br></div><div class="battle-history">PLZXEN withdrew Stunfisk!<br></div><div class="battle-history">PLZXEN sent out <strong>Goodra</strong>!<br></div><div class="spacer battle-history"><br></div><div class="battle-history">Ralphy used <strong>Earthquake</strong>!<br></div><div class="battle-history"><small>(The opposing Goodra lost 53% of its health!)</small><br></div><div class="spacer battle-history"><br></div><h2 class="battle-history">Turn 3</h2><div class="spacer battle-history"><br></div><div class="battle-history">Ralphy used <strong>Ice Shard</strong>!<br></div><div class="battle-history"><small>It's super effective!</small><br></div><div class="battle-history"><small>(The opposing Goodra lost 32% of its health!)</small><br></div><div class="spacer battle-history"><br></div><div class="battle-history">The opposing Goodra used <strong>Knock Off</strong>!<br></div><div class="battle-history"><small>(Ralphy lost 12% of its health!)</small><br></div><div class="battle-history"><small>The opposing Goodra knocked off Ralphy's Heavy-Duty Boots!</small><br></div><div class="spacer battle-history"><br></div><h2 class="battle-history">Turn 4</h2><div class="spacer battle-history"><br></div><div class="battle-history">The opposing Goodra used <strong>Draco Meteor</strong>!<br></div><div class="battle-history"><small>(Ralphy lost 74% of its health!)</small><br></div><div class="battle-history"><small>The opposing Goodra's Sp. Atk fell harshly!</small><br></div><div class="spacer battle-history"><br></div><div class="battle-history">Ralphy used <strong>Earthquake</strong>!<br></div><div class="battle-history"><small>(The opposing Goodra lost 15% of its health!)</small><br></div><div class="spacer battle-history"><br></div><div class="battle-history">The opposing Goodra fainted!<br></div><div class="chat"><small> Soapyboogas joined</small></div><div class="spacer battle-history"><br></div><div class="battle-history">PLZXEN sent out <strong>Celebi</strong>!<br></div><div class="spacer battle-history"><br></div><h2 class="battle-history">Turn 5</h2><div class="spacer battle-history"><br></div><div class="battle-history">Ralphy used <strong>Ice Shard</strong>!<br></div><div class="battle-history"><small>It's super effective!</small><br></div><div class="battle-history"><small>(The opposing Celebi lost 22% of its health!)</small><br></div><div class="spacer battle-history"><br></div><div class="battle-history">The opposing Celebi used <strong>Energy Ball</strong>!<br></div><div class="battle-history"><small>It's super effective!</small><br></div><div class="battle-history"><small>(Ralphy lost 14% of its health!)</small><br></div><div class="spacer battle-history"><br></div><div class="battle-history">Ralphy fainted!<br></div><div class="spacer battle-history"><br></div><div class="battle-history">Go! Raider Red (<strong>Accelgor</strong>)!<br></div><div class="battle-history"><small>Pointed stones dug into Raider Red!</small><br></div><div class="spacer battle-history"><br></div><h2 class="battle-history">Turn 6</h2><div class="spacer battle-history"><br></div><div class="battle-history">PLZXEN withdrew Celebi!<br></div><div class="battle-history">PLZXEN sent out <strong>Tapu Fini</strong>!<br></div><div class="battle-history">[The opposing Tapu Fini's Misty Surge]<br><small>Mist swirled around the battlefield!</small><br></div><div class="spacer battle-history"><br></div><div class="battle-history">Raider Red used <strong>Bug Buzz</strong>!<br></div><div class="battle-history"><small>It's not very effective...</small><br></div><div class="battle-history"><small>(The opposing Tapu Fini lost 15% of its health!)</small><br></div><div class="spacer battle-history"><br></div><h2 class="battle-history">Turn 7</h2><div class="spacer battle-history"><br></div><div class="battle-history"><small>Raider Red has Terastallized into the Water-type!</small><br></div><div class="spacer battle-history"><br></div><div class="battle-history">Raider Red used <strong>Energy Ball</strong>!<br></div><div class="battle-history"><small>It's super effective!</small><br></div><div class="battle-history"><small>(The opposing Tapu Fini lost 38% of its health!)</small><br></div><div class="spacer battle-history"><br></div><div class="battle-history">The opposing Tapu Fini used <strong>Taunt</strong>!<br></div><div class="battle-history"><small>Raider Red fell for the taunt!</small><br></div><div class="spacer battle-history"><br></div><h2 class="battle-history">Turn 8</h2><div class="spacer battle-history"><br></div><div class="battle-history">Raider Red used <strong>Energy Ball</strong>!<br></div><div class="battle-history"><small>It's super effective!</small><br></div><div class="battle-history"><small>(The opposing Tapu Fini lost 40% of its health!)</small><br></div><div class="spacer battle-history"><br></div><div class="battle-history">The opposing Tapu Fini used <strong>Moonblast</strong>!<br></div><div class="battle-history"><small>(Raider Red lost 57% of its health!)</small><br></div><div class="spacer battle-history"><br></div><h2 class="battle-history">Turn 9</h2><div class="spacer battle-history"><br></div><div class="battle-history">Raider Red used <strong>Energy Ball</strong>!<br></div><div class="battle-history"><small>It's super effective!</small><br></div><div class="battle-history"><small>(The opposing Tapu Fini lost 7% of its health!)</small><br></div><div class="spacer battle-history"><br></div><div class="battle-history">The opposing Tapu Fini fainted!<br></div><div class="spacer battle-history"><br></div><div class="battle-history">PLZXEN sent out <strong>Celebi</strong>!<br></div><div class="spacer battle-history"><br></div><h2 class="battle-history">Turn 10</h2><div class="spacer battle-history"><br></div><div class="battle-history"><small>The opposing Celebi has Terastallized into the Grass-type!</small><br></div><div class="spacer battle-history"><br></div><div class="battle-history">The opposing Celebi used <strong>Dazzling Gleam</strong>!<br></div><div class="battle-history"><small>(Raider Red lost 19% of its health!)</small><br></div><div class="spacer battle-history"><br></div><div class="battle-history">Raider Red fainted!<br></div><div class="spacer battle-history"><br></div><div class="battle-history"><small>The mist disappeared from the battlefield.</small><br></div><div class="spacer battle-history"><br></div><div class="battle-history">Go! Citro (<strong>Celesteela</strong>)!<br></div><div class="battle-history"><small>Pointed stones dug into Citro!</small><br></div><div class="spacer battle-history"><br></div><h2 class="battle-history">Turn 11</h2><div class="spacer battle-history"><br></div><div class="battle-history">PLZXEN withdrew Celebi!<br></div><div class="battle-history">PLZXEN sent out <strong>Stunfisk</strong>!<br></div><div class="spacer battle-history"><br></div><div class="battle-history">Citro used <strong>Protect</strong>!<br></div><div class="battle-history"><small>But it failed!</small><br></div><div class="spacer battle-history"><br></div><div class="battle-history"><small>Citro restored a little HP using its Leftovers!</small><br></div><div class="battle-history"><small>The opposing Stunfisk restored a little HP using its Leftovers!</small><br></div><div class="spacer battle-history"><br></div><h2 class="battle-history">Turn 12</h2><div class="spacer battle-history"><br></div><div class="battle-history">Citro, come back!<br></div><div class="battle-history">Go! Swoop (<strong>Zapdos-Galar</strong>)!<br></div><div class="battle-history"><small>Pointed stones dug into Swoop!</small><br></div><div class="spacer battle-history"><br></div><div class="battle-history">The opposing Stunfisk used <strong>Discharge</strong>!<br></div><div class="battle-history"><small>It's super effective!</small><br></div><div class="battle-history"><small>(Swoop lost 53% of its health!)</small><br></div><div class="spacer battle-history"><br></div><div class="battle-history"><small>The opposing Stunfisk restored a little HP using its Leftovers!</small><br></div><div class="spacer battle-history"><br></div><h2 class="battle-history">Turn 13</h2><div class="spacer battle-history"><br></div><div class="battle-history">Swoop used <strong>Stomping Tantrum</strong>!<br></div><div class="battle-history"><small>It's super effective!</small><br></div><div class="battle-history"><small>(The opposing Stunfisk lost 47% of its health!)</small><br></div><div class="spacer battle-history"><br></div><div class="battle-history">The opposing Stunfisk fainted!<br></div><div class="spacer battle-history"><br></div><div class="battle-history">PLZXEN sent out <strong>Celebi</strong>!<br></div><div class="spacer battle-history"><br></div><h2 class="battle-history">Turn 14</h2><div class="spacer battle-history"><br></div><div class="battle-history">Swoop, come back!<br></div><div class="battle-history">Go! Citro (<strong>Celesteela</strong>)!<br></div><div class="battle-history"><small>Pointed stones dug into Citro!</small><br></div><div class="spacer battle-history"><br></div><div class="battle-history">The opposing Celebi used <strong>Psychic</strong>!<br></div><div class="battle-history"><small>It's not very effective...</small><br></div><div class="battle-history"><small>(Citro lost 12% of its health!)</small><br></div><div class="battle-history"><small>Citro's Sp. Def fell!</small><br></div><div class="spacer battle-history"><br></div><div class="battle-history"><small>Citro restored a little HP using its Leftovers!</small><br></div><div class="spacer battle-history"><br></div><h2 class="battle-history">Turn 15</h2><div class="spacer battle-history"><br></div><div class="battle-history">PLZXEN withdrew Celebi!<br></div><div class="battle-history">PLZXEN sent out <strong>Gholdengo</strong>!<br></div><div class="spacer battle-history"><br></div><div class="battle-history">Citro used <strong>Flamethrower</strong>!<br></div><div class="battle-history"><small>It's super effective!</small><br></div><div class="battle-history"><small>(The opposing Gholdengo lost 53% of its health!)</small><br></div><div class="spacer battle-history"><br></div><div class="battle-history"><small>Citro restored a little HP using its Leftovers!</small><br></div><div class="spacer battle-history"><br></div><h2 class="battle-history">Turn 16</h2><div class="spacer battle-history"><br></div><div class="battle-history">The opposing Gholdengo used <strong>Thunderbolt</strong>!<br></div><div class="battle-history"><small>It's super effective!</small><br></div><div class="battle-history"><small>(Citro lost 63% of its health!)</small><br></div><div class="spacer battle-history"><br></div><div class="battle-history">Citro used <strong>Flamethrower</strong>!<br></div><div class="battle-history"><small>It's super effective!</small><br></div><div class="battle-history"><small>(The opposing Gholdengo lost 47% of its health!)</small><br></div><div class="spacer battle-history"><br></div><div class="battle-history">The opposing Gholdengo fainted!<br></div><div class="battle-history">[Citro's Beast Boost]<br></div><div class="battle-history"><small>Citro's Sp. Def rose!</small><br></div><div class="spacer battle-history"><br></div><div class="battle-history"><small>Citro restored a little HP using its Leftovers!</small><br></div><div class="spacer battle-history"><br></div><div class="battle-history">PLZXEN sent out <strong>Spectrier</strong>!<br></div><div class="spacer battle-history"><br></div><h2 class="battle-history">Turn 17</h2><div class="spacer battle-history"><br></div><div class="battle-history">Citro used <strong>Protect</strong>!<br></div><div class="battle-history"><small>Citro protected itself!</small><br></div><div class="spacer battle-history"><br></div><div class="battle-history">The opposing Spectrier used <strong>Shadow Ball</strong>!<br></div><div class="battle-history"><small>Citro protected itself!</small><br></div><div class="spacer battle-history"><br></div><div class="battle-history"><small>Citro restored a little HP using its Leftovers!</small><br></div><div class="spacer battle-history"><br></div><h2 class="battle-history">Turn 18</h2><div class="spacer battle-history"><br></div><div class="battle-history">The opposing Spectrier used <strong>Shadow Ball</strong>!<br></div><div class="battle-history"><small>(Citro lost 31% of its health!)</small><br></div><div class="spacer battle-history"><br></div><div class="battle-history">Citro fainted!<br></div><div class="battle-history">[The opposing Spectrier's Grim Neigh]<br></div><div class="battle-history"><small>The opposing Spectrier's Sp. Atk rose!</small><br></div><div class="spacer battle-history"><br></div><div class="battle-history">Go! Pistol Pete (<strong>Blastoise</strong>)!<br></div><div class="battle-history"><small>Pointed stones dug into Pistol Pete!</small><br></div><div class="spacer battle-history"><br></div><h2 class="battle-history">Turn 19</h2><div class="spacer battle-history"><br></div><div class="battle-history">PLZXEN withdrew Spectrier!<br></div><div class="battle-history">PLZXEN sent out <strong>Celebi</strong>!<br></div><div class="spacer battle-history"><br></div><div class="battle-history"><small>Pistol Pete's Blastoisinite is reacting to the Key Stone!</small><br>Pistol Pete has Mega Evolved into Mega Blastoise!<br></div><div class="spacer battle-history"><br></div><div class="battle-history">Pistol Pete used <strong>Rapid Spin</strong>!<br></div><div class="battle-history"><small>(The opposing Celebi lost 11% of its health!)</small><br></div><div class="battle-history"><small>Pistol Pete's Speed rose!</small><br></div><div class="battle-history"><small>The pointed stones disappeared from around your team!</small><br></div><div class="spacer battle-history"><br></div><h2 class="battle-history">Turn 20</h2><div class="spacer battle-history"><br></div><div class="battle-history">The opposing Celebi used <strong>Energy Ball</strong>!<br></div><div class="battle-history"><small>It's super effective!</small><br></div><div class="battle-history"><small>(Pistol Pete lost 85% of its health!)</small><br></div><div class="spacer battle-history"><br></div><div class="battle-history">Pistol Pete used <strong>Dark Pulse</strong>!<br></div><div class="battle-history"><small>(The opposing Celebi lost 43% of its health!)</small><br></div><div class="spacer battle-history"><br></div><h2 class="battle-history">Turn 21</h2><div class="spacer battle-history"><br></div><div class="battle-history">The opposing Celebi used <strong>Energy Ball</strong>!<br></div><div class="battle-history"><small>It's super effective!</small><br></div><div class="battle-history"><small>(Pistol Pete lost 3% of its health!)</small><br></div><div class="spacer battle-history"><br></div><div class="battle-history">Pistol Pete fainted!<br></div><div class="spacer battle-history"><br></div><div class="battle-history">Go! Swoop (<strong>Zapdos-Galar</strong>)!<br></div><div class="spacer battle-history"><br></div><h2 class="battle-history">Turn 22</h2><div class="spacer battle-history"><br></div><div class="battle-history">PLZXEN withdrew Celebi!<br></div><div class="battle-history">PLZXEN sent out <strong>Spectrier</strong>!<br></div><div class="spacer battle-history"><br></div><div class="battle-history">Swoop used <strong>U-turn</strong>!<br></div><div class="battle-history"><small>It's not very effective...</small><br></div><div class="battle-history"><small>(The opposing Spectrier lost 27% of its health!)</small><br></div><div class="spacer battle-history"><br></div><div class="battle-history">Swoop went back to Artman_Shan!<br></div><div class="battle-history">Go! Knightro (<strong>Tapu Koko</strong>)!<br></div><div class="battle-history">[Knightro's Electric Surge]<br><small>An electric current ran across the battlefield!</small><br></div><div class="spacer battle-history"><br></div><h2 class="battle-history">Turn 23</h2><div class="spacer battle-history"><br></div><div class="battle-history">The opposing Spectrier used <strong>Shadow Ball</strong>!<br></div><div class="battle-history"><small>(Knightro lost 100% of its health!)</small><br></div><div class="spacer battle-history"><br></div><div class="battle-history">Knightro fainted!<br></div><div class="battle-history">[The opposing Spectrier's Grim Neigh]<br></div><div class="battle-history"><small>The opposing Spectrier's Sp. Atk rose!</small><br></div><div class="spacer battle-history"><br></div><div class="battle-history">Go! Swoop (<strong>Zapdos-Galar</strong>)!<br></div><div class="spacer battle-history"><br></div><h2 class="battle-history">Turn 24</h2><div class="spacer battle-history"><br></div><div class="battle-history">The opposing Spectrier used <strong>Shadow Ball</strong>!<br></div><div class="battle-history"><small>(Swoop lost 35% of its health!)</small><br></div><div class="spacer battle-history"><br></div><div class="battle-history">Swoop fainted!<br></div><div class="spacer battle-history"><br></div><div class="battle-history"><strong>PLZXEN</strong> won the battle!<br></div><div class="chat chatmessage-plzxen"><strong style="color:#d41525"><small class="groupsymbol">☆</small><span class="username">PLZXEN</span>:</strong> <em>GGs</em></div><div class="chat chatmessage-artmanshan"><strong style="color:#cc2eb9"><small class="groupsymbol">☆</small><span class="username">Artman_Shan</span>:</strong> <em>UGGGGGGH</em></div><div class="chat chatmessage-gurruo"><strong style="color:#d92615"><small class="groupsymbol"> </small><span class="username">GuRRuO</span>:</strong> <em>nice game</em></div><div class="chat chatmessage-artmanshan"><strong style="color:#cc2eb9"><small class="groupsymbol">☆</small><span class="username">Artman_Shan</span>:</strong> <em>GG</em></div><div class="chat"><small>☆PLZXEN left</small></div><div class="chat"><small> GuRRuO left</small></div></div><div class="inner-preempt message-log"></div></div></div>
</div>
<script>
let daily = Math.floor(Date.now()/1000/60/60/24);document.write('<script src="https://play.pokemonshowdown.com/js/replay-embed.js?version'+daily+'"></'+'script>');
</script>
