<!DOCTYPE html>
<meta charset="utf-8" />
<!-- version 1 -->
<title>[Gen 9] NatDex Draft replay: superpanchi vs. Soapyboogas</title>
<style>
html,body {font-family:Verdana, sans-serif;font-size:10pt;margin:0;padding:0;}body{padding:12px 0;} .battle-log {font-family:Verdana, sans-serif;font-size:10pt;} .battle-log-inline {border:1px solid #AAAAAA;background:#EEF2F5;color:black;max-width:640px;margin:0 auto 80px;padding-bottom:5px;} .battle-log .inner {padding:4px 8px 0px 8px;} .battle-log .inner-preempt {padding:0 8px 4px 8px;} .battle-log .inner-after {margin-top:0.5em;} .battle-log h2 {margin:0.5em -8px;padding:4px 8px;border:1px solid #AAAAAA;background:#E0E7EA;border-left:0;border-right:0;font-family:Verdana, sans-serif;font-size:13pt;} .battle-log .chat {vertical-align:middle;padding:3px 0 3px 0;font-size:8pt;} .battle-log .chat strong {color:#40576A;} .battle-log .chat em {padding:1px 4px 1px 3px;color:#000000;font-style:normal;} .chat.mine {background:rgba(0,0,0,0.05);margin-left:-8px;margin-right:-8px;padding-left:8px;padding-right:8px;} .spoiler {color:#BBBBBB;background:#BBBBBB;padding:0px 3px;} .spoiler:hover, .spoiler:active, .spoiler-shown {color:#000000;background:#E2E2E2;padding:0px 3px;} .spoiler a {color:#BBBBBB;} .spoiler:hover a, .spoiler:active a, .spoiler-shown a {color:#2288CC;} .chat code, .chat .spoiler:hover code, .chat .spoiler:active code, .chat .spoiler-shown code {border:1px solid #C0C0C0;background:#EEEEEE;color:black;padding:0 2px;} .chat .spoiler code {border:1px solid #CCCCCC;background:#CCCCCC;color:#CCCCCC;} .battle-log .rated {padding:3px 4px;} .battle-log .rated strong {color:white;background:#89A;padding:1px 4px;border-radius:4px;} .spacer {margin-top:0.5em;} .message-announce {background:#6688AA;color:white;padding:1px 4px 2px;} .message-announce a, .broadcast-green a, .broadcast-blue a, .broadcast-red a {color:#DDEEFF;} .broadcast-green {background-color:#559955;color:white;padding:2px 4px;} .broadcast-blue {background-color:#6688AA;color:white;padding:2px 4px;} .infobox {border:1px solid #6688AA;padding:2px 4px;} .infobox-limited {max-height:200px;overflow:auto;overflow-x:hidden;} .broadcast-red {background-color:#AA5544;color:white;padding:2px 4px;} .message-learn-canlearn {font-weight:bold;color:#228822;text-decoration:underline;} .message-learn-cannotlearn {font-weight:bold;color:#CC2222;text-decoration:underline;} .message-effect-weak {font-weight:bold;color:#CC2222;} .message-effect-resist {font-weight:bold;color:#6688AA;} .message-effect-immune {font-weight:bold;color:#666666;} .message-learn-list {margin-top:0;margin-bottom:0;} .message-throttle-notice, .message-error {color:#992222;} .message-overflow, .chat small.message-overflow {font-size:0pt;} .message-overflow::before {font-size:9pt;content:'...';} .subtle {color:#3A4A66;}
</style>
<div class="wrapper replay-wrapper" style="max-width:1180px;margin:0 auto">
<input type="hidden" name="replayid" value="gen9natdexdraft-2359851348" />
<div class="battle"></div><div class="battle-log"></div><div class="replay-controls"></div><div class="replay-controls-2"></div>
<h1 style="font-weight:normal;text-align:center"><strong>[Gen 9] NatDex Draft</strong><br /><a href="http://pokemonshowdown.com/users/superpanchi" class="subtle" target="_blank">superpanchi</a> vs. <a href="http://pokemonshowdown.com/users/soapyboogas" class="subtle" target="_blank">Soapyboogas</a></h1>
<script type="text/plain" class="battle-log-data">
|j|☆superpanchi
|j|☆Soapyboogas
|t:|1746733653
|gametype|singles
|player|p1|superpanchi|bellhop|
|player|p2|Soapyboogas|bellelba|
|teamsize|p1|6
|teamsize|p2|6
|gen|9
|tier|[Gen 9] NatDex Draft
|rule|Sleep Clause Mod: Limit one foe put to sleep
|rule|OHKO Clause: OHKO moves are banned
|rule|Evasion Clause: Evasion abilities, items, and moves are banned
|rule|Evasion Abilities Clause: Evasion abilities are banned
|rule|Evasion Items Clause: Evasion items are banned
|rule|Evasion Moves Clause: Evasion moves are banned
|rule|Endless Battle Clause: Forcing endless battles is banned
|rule|HP Percentage Mod: HP is shown in percentages
|clearpoke
|poke|p1|Donphan, M|
|poke|p1|Tornadus-Therian, M|
|poke|p1|Cinderace, M|
|poke|p1|Beedrill, F|
|poke|p1|Bisharp, M|
|poke|p1|Palafin, F|
|poke|p2|Roserade, F|
|poke|p2|Flygon, F|
|poke|p2|Tapu Fini|
|poke|p2|Lopunny, M|
|poke|p2|Gholdengo|
|poke|p2|Deoxys-Speed|
|teampreview
|c|☆superpanchi|hey!
|c|☆Soapyboogas|hello hello!
|c|☆Soapyboogas|glhf!
|c|☆superpanchi|you too!
|c|☆Soapyboogas|lets hope my prep was is as well as I play
|
|t:|1746733702
|start
|switch|p1a: Palafin|Palafin, F, shiny|100\/100
|switch|p2a: Shouldhavebeenbug|Flygon, F|100\/100
|turn|1
|c|☆superpanchi|i didnt prep so i think you have a great chance lol
|
|t:|1746733731
|detailschange|p1a: Palafin|Palafin-Hero, F, shiny
|switch|p1a: Tornadus|Tornadus-Therian, M|100\/100
|switch|p2a: Violette|Tapu Fini|100\/100
|-fieldstart|move: Misty Terrain|[from] ability: Misty Surge|[of] p2a: Violette
|
|upkeep
|turn|2
|
|t:|1746733744
|switch|p1a: Beedrill|Beedrill, F|100\/100
|move|p2a: Violette|Nature's Madness|p1a: Beedrill
|-damage|p1a: Beedrill|51\/100
|
|upkeep
|turn|3
|
|t:|1746733776
|switch|p2a: Chicken joe|Gholdengo|100\/100
|-item|p2a: Chicken joe|Air Balloon
|detailschange|p1a: Beedrill|Beedrill-Mega, F
|-mega|p1a: Beedrill|Beedrill|Beedrillite
|move|p1a: Beedrill|U-turn|p2a: Chicken joe
|-resisted|p2a: Chicken joe
|-damage|p2a: Chicken joe|90\/100
|-enditem|p2a: Chicken joe|Air Balloon
|
|t:|1746733785
|switch|p1a: Cinderace|Cinderace, M|100\/100|[from] U-turn
|
|upkeep
|turn|4
|c|☆superpanchi|didnt even put nicknames smh
|
|t:|1746733809
|move|p1a: Cinderace|Pyro Ball|p2a: Chicken joe
|-supereffective|p2a: Chicken joe
|-damage|p2a: Chicken joe|3\/100
|move|p2a: Chicken joe|Shadow Ball|p1a: Cinderace
|-damage|p1a: Cinderace|49\/100
|
|upkeep
|turn|5
|
|t:|1746733818
|switch|p2a: Shouldhavebeenbug|Flygon, F|100\/100
|move|p1a: Cinderace|U-turn|p2a: Shouldhavebeenbug
|-start|p1a: Cinderace|typechange|Bug|[from] ability: Libero
|-damage|p2a: Shouldhavebeenbug|65\/100
|
|t:|1746733825
|switch|p1a: Palafin|Palafin-Hero, F, shiny|100\/100|[from] U-turn
|-activate|p1a: Palafin|ability: Zero to Hero
|
|-heal|p2a: Shouldhavebeenbug|71\/100|[from] item: Leftovers
|-fieldend|Misty Terrain
|upkeep
|turn|6
|
|t:|1746733847
|switch|p2a: Violette|Tapu Fini|100\/100
|-fieldstart|move: Misty Terrain|[from] ability: Misty Surge|[of] p2a: Violette
|move|p1a: Palafin|Boomburst|p2a: Violette
|-damage|p2a: Violette|70\/100
|-enditem|p1a: Palafin|Throat Spray
|-boost|p1a: Palafin|spa|1|[from] item: Throat Spray
|
|upkeep
|turn|7
|
|t:|1746733857
|move|p1a: Palafin|Boomburst|p2a: Violette
|-damage|p2a: Violette|23\/100
|move|p2a: Violette|Nature's Madness|p1a: Palafin
|-damage|p1a: Palafin|51\/100
|
|upkeep
|turn|8
|
|t:|1746733869
|move|p1a: Palafin|Boomburst|p2a: Violette
|-damage|p2a: Violette|0 fnt
|faint|p2a: Violette
|
|upkeep
|
|t:|1746733873
|switch|p2a: poison ivy|Roserade, F, shiny|100\/100
|turn|9
|
|t:|1746733886
|switch|p1a: Tornadus|Tornadus-Therian, M|100\/100
|move|p2a: poison ivy|Extrasensory|p1a: Tornadus
|-damage|p1a: Tornadus|72\/100
|
|upkeep
|turn|10
|
|t:|1746733901
|switch|p2a: Chicken joe|Gholdengo|3\/100
|move|p1a: Tornadus|Bleakwind Storm|p2a: Chicken joe|[miss]
|-miss|p1a: Tornadus|p2a: Chicken joe
|
|-fieldend|Misty Terrain
|upkeep
|turn|11
|
|t:|1746733908
|move|p1a: Tornadus|U-turn|p2a: Chicken joe
|-resisted|p2a: Chicken joe
|-damage|p2a: Chicken joe|0 fnt
|faint|p2a: Chicken joe
|
|t:|1746733912
|switch|p1a: Beedrill|Beedrill-Mega, F|51\/100|[from] U-turn
|
|upkeep
|
|t:|1746733917
|switch|p2a: Shouldhavebeenbug|Flygon, F|71\/100
|turn|12
|
|t:|1746733930
|-terastallize|p2a: Shouldhavebeenbug|Poison
|move|p1a: Beedrill|U-turn|p2a: Shouldhavebeenbug
|-resisted|p2a: Shouldhavebeenbug
|-damage|p2a: Shouldhavebeenbug|45\/100
|
|t:|1746733938
|switch|p1a: Donphan|Donphan, M|100\/100|[from] U-turn
|move|p2a: Shouldhavebeenbug|Earthquake|p1a: Donphan
|-damage|p1a: Donphan|73\/100
|
|-heal|p2a: Shouldhavebeenbug|51\/100|[from] item: Leftovers
|upkeep
|turn|13
|
|t:|1746733947
|move|p2a: Shouldhavebeenbug|Roost|p2a: Shouldhavebeenbug
|-heal|p2a: Shouldhavebeenbug|100\/100
|move|p1a: Donphan|Smack Down|p2a: Shouldhavebeenbug
|-damage|p2a: Shouldhavebeenbug|88\/100
|-start|p2a: Shouldhavebeenbug|Smack Down
|
|-heal|p2a: Shouldhavebeenbug|94\/100|[from] item: Leftovers
|upkeep
|turn|14
|
|t:|1746733955
|switch|p2a: poison ivy|Roserade, F, shiny|100\/100
|move|p1a: Donphan|Earthquake|p2a: poison ivy
|-damage|p2a: poison ivy|49\/100
|
|upkeep
|turn|15
|
|t:|1746733961
|switch|p1a: Tornadus|Tornadus-Therian, M|100\/100
|move|p2a: poison ivy|Giga Drain|p1a: Tornadus
|-resisted|p1a: Tornadus
|-damage|p1a: Tornadus|82\/100
|-heal|p2a: poison ivy|58\/100|[from] drain|[of] p1a: Tornadus
|
|upkeep
|turn|16
|
|t:|1746733974
|move|p1a: Tornadus|Bleakwind Storm|p2a: poison ivy|[miss]
|-miss|p1a: Tornadus|p2a: poison ivy
|move|p2a: poison ivy|Sludge Bomb|p1a: Tornadus
|-damage|p1a: Tornadus|37\/100
|
|upkeep
|turn|17
|
|t:|1746733983
|switch|p2a: Shouldhavebeenbug|Flygon, F, tera:Poison|94\/100
|move|p1a: Tornadus|Bleakwind Storm|p2a: Shouldhavebeenbug|[miss]
|-miss|p1a: Tornadus|p2a: Shouldhavebeenbug
|
|-heal|p2a: Shouldhavebeenbug|99\/100|[from] item: Leftovers
|upkeep
|turn|18
|
|t:|1746733993
|move|p1a: Tornadus|U-turn|p2a: Shouldhavebeenbug
|-resisted|p2a: Shouldhavebeenbug
|-damage|p2a: Shouldhavebeenbug|94\/100
|
|t:|1746734003
|switch|p1a: Beedrill|Beedrill-Mega, F|51\/100|[from] U-turn
|move|p2a: Shouldhavebeenbug|Toxic|p1a: Beedrill
|-immune|p1a: Beedrill
|
|-heal|p2a: Shouldhavebeenbug|99\/100|[from] item: Leftovers
|upkeep
|turn|19
|
|t:|1746734014
|move|p1a: Beedrill|Knock Off|p2a: Shouldhavebeenbug
|-damage|p2a: Shouldhavebeenbug|61\/100
|-enditem|p2a: Shouldhavebeenbug|Leftovers|[from] move: Knock Off|[of] p1a: Beedrill
|move|p2a: Shouldhavebeenbug|Earthquake|p1a: Beedrill
|-damage|p1a: Beedrill|0 fnt
|faint|p1a: Beedrill
|
|upkeep
|
|t:|1746734031
|switch|p1a: Tornadus|Tornadus-Therian, M|70\/100
|turn|20
|
|t:|1746734036
|move|p1a: Tornadus|Bleakwind Storm|p2a: Shouldhavebeenbug
|-damage|p2a: Shouldhavebeenbug|18\/100
|-unboost|p2a: Shouldhavebeenbug|spe|1
|move|p2a: Shouldhavebeenbug|Roost|p2a: Shouldhavebeenbug
|-heal|p2a: Shouldhavebeenbug|68\/100
|
|upkeep
|turn|21
|
|t:|1746734046
|move|p1a: Tornadus|Heat Wave|p2a: Shouldhavebeenbug
|-damage|p2a: Shouldhavebeenbug|40\/100
|move|p2a: Shouldhavebeenbug|Toxic|p1a: Tornadus
|-status|p1a: Tornadus|tox
|
|-damage|p1a: Tornadus|64\/100 tox|[from] psn
|upkeep
|turn|22
|
|t:|1746734053
|move|p1a: Tornadus|U-turn|p2a: Shouldhavebeenbug
|-resisted|p2a: Shouldhavebeenbug
|-crit|p2a: Shouldhavebeenbug
|-damage|p2a: Shouldhavebeenbug|29\/100
|
|t:|1746734057
|switch|p1a: Donphan|Donphan, M|73\/100|[from] U-turn
|move|p2a: Shouldhavebeenbug|Roost|p2a: Shouldhavebeenbug
|-heal|p2a: Shouldhavebeenbug|79\/100
|
|upkeep
|turn|23
|
|t:|1746734065
|switch|p2a: poison ivy|Roserade, F, shiny|58\/100
|move|p1a: Donphan|Smack Down|p2a: poison ivy
|-damage|p2a: poison ivy|42\/100
|
|upkeep
|turn|24
|
|t:|1746734076
|switch|p1a: Bisharp|Bisharp, M|100\/100
|move|p2a: poison ivy|Giga Drain|p1a: Bisharp
|-resisted|p1a: Bisharp
|-damage|p1a: Bisharp|84\/100
|-heal|p2a: poison ivy|49\/100|[from] drain|[of] p1a: Bisharp
|
|upkeep
|turn|25
|
|t:|1746734097
|move|p2a: poison ivy|Dazzling Gleam|p1a: Bisharp
|-damage|p1a: Bisharp|60\/100
|move|p1a: Bisharp|Swords Dance|p1a: Bisharp
|-boost|p1a: Bisharp|atk|2
|
|upkeep
|turn|26
|
|t:|1746734104
|move|p1a: Bisharp|Sucker Punch|p2a: poison ivy
|-damage|p2a: poison ivy|0 fnt
|faint|p2a: poison ivy
|
|upkeep
|
|t:|1746734131
|switch|p2a: Green beam|Deoxys-Speed, shiny|100\/100
|-ability|p2a: Green beam|Pressure
|turn|27
|
|t:|1746734142
|-terastallize|p1a: Bisharp|Fairy
|move|p2a: Green beam|Iron Defense|p2a: Green beam
|-boost|p2a: Green beam|def|2
|move|p1a: Bisharp|Throat Chop|p2a: Green beam
|-supereffective|p2a: Green beam
|-damage|p2a: Green beam|11\/100
|-start|p2a: Green beam|Throat Chop|[silent]
|
|-heal|p2a: Green beam|17\/100|[from] item: Leftovers
|upkeep
|turn|28
|j| Jackstrick321
|
|t:|1746734150
|move|p1a: Bisharp|Sucker Punch||[still]
|-fail|p1a: Bisharp
|move|p2a: Green beam|Recover|p2a: Green beam
|-heal|p2a: Green beam|67\/100
|
|-heal|p2a: Green beam|73\/100|[from] item: Leftovers
|-end|p2a: Green beam|Throat Chop|[silent]
|upkeep
|turn|29
|
|t:|1746734157
|move|p2a: Green beam|Psychic Noise|p1a: Bisharp
|-damage|p1a: Bisharp|29\/100
|-start|p1a: Bisharp|move: Heal Block
|move|p1a: Bisharp|Throat Chop|p2a: Green beam
|-supereffective|p2a: Green beam
|-damage|p2a: Green beam|0 fnt
|faint|p2a: Green beam
|
|upkeep
|
|t:|1746734166
|switch|p2a: Serena Williams|Lopunny, M|100\/100
|turn|30
|
|t:|1746734171
|detailschange|p2a: Serena Williams|Lopunny-Mega, M
|-mega|p2a: Serena Williams|Lopunny|Lopunnite
|move|p2a: Serena Williams|Fake Out|p1a: Bisharp
|-damage|p1a: Bisharp|11\/100
|cant|p1a: Bisharp|flinch
|
|-end|p1a: Bisharp|move: Heal Block
|upkeep
|turn|31
|
|t:|1746734178
|move|p2a: Serena Williams|Quick Attack|p1a: Bisharp
|-damage|p1a: Bisharp|0 fnt
|faint|p1a: Bisharp
|
|upkeep
|
|t:|1746734182
|switch|p1a: Tornadus|Tornadus-Therian, M|97\/100 tox
|turn|32
|
|t:|1746734201
|move|p2a: Serena Williams|Triple Axel|p1a: Tornadus
|-supereffective|p1a: Tornadus
|-damage|p1a: Tornadus|78\/100 tox
|-supereffective|p1a: Tornadus
|-damage|p1a: Tornadus|36\/100 tox
|-supereffective|p1a: Tornadus
|-damage|p1a: Tornadus|0 fnt
|faint|p1a: Tornadus
|-hitcount|p1: Tornadus|3
|
|upkeep
|
|t:|1746734214
|switch|p1a: Palafin|Palafin-Hero, F, shiny|51\/100
|turn|33
|
|t:|1746734245
|move|p2a: Serena Williams|Close Combat|p1a: Palafin
|-damage|p1a: Palafin|0 fnt
|-unboost|p2a: Serena Williams|def|1
|-unboost|p2a: Serena Williams|spd|1
|faint|p1a: Palafin
|
|upkeep
|
|t:|1746734252
|switch|p1a: Donphan|Donphan, M|73\/100
|turn|34
|
|t:|1746734257
|switch|p2a: Shouldhavebeenbug|Flygon, F, tera:Poison|79\/100
|move|p1a: Donphan|Earthquake|p2a: Shouldhavebeenbug
|-immune|p2a: Shouldhavebeenbug|[from] ability: Levitate
|
|upkeep
|turn|35
|
|t:|1746734269
|move|p2a: Shouldhavebeenbug|Earthquake|p1a: Donphan
|-damage|p1a: Donphan|46\/100
|move|p1a: Donphan|Smack Down|p2a: Shouldhavebeenbug
|-damage|p2a: Shouldhavebeenbug|67\/100
|-start|p2a: Shouldhavebeenbug|Smack Down
|
|upkeep
|turn|36
|
|t:|1746734278
|move|p2a: Shouldhavebeenbug|Toxic|p1a: Donphan
|-status|p1a: Donphan|tox
|move|p1a: Donphan|Earthquake|p2a: Shouldhavebeenbug
|-supereffective|p2a: Shouldhavebeenbug
|-damage|p2a: Shouldhavebeenbug|0 fnt
|faint|p2a: Shouldhavebeenbug
|
|-damage|p1a: Donphan|40\/100 tox|[from] psn
|upkeep
|
|t:|1746734284
|switch|p2a: Serena Williams|Lopunny-Mega, M|100\/100
|turn|37
|
|t:|1746734297
|move|p1a: Donphan|Ice Shard|p2a: Serena Williams
|-damage|p2a: Serena Williams|86\/100
|move|p2a: Serena Williams|Triple Axel|p1a: Donphan
|-supereffective|p1a: Donphan
|-damage|p1a: Donphan|28\/100 tox
|-supereffective|p1a: Donphan
|-damage|p1a: Donphan|5\/100 tox
|-supereffective|p1a: Donphan
|-damage|p1a: Donphan|0 fnt
|faint|p1a: Donphan
|-hitcount|p1: Donphan|3
|
|upkeep
|
|t:|1746734307
|switch|p1a: Cinderace|Cinderace, M|49\/100
|turn|38
|
|t:|1746734310
|move|p2a: Serena Williams|Close Combat|p1a: Cinderace
|-crit|p1a: Cinderace
|-damage|p1a: Cinderace|0 fnt
|-unboost|p2a: Serena Williams|def|1
|-unboost|p2a: Serena Williams|spd|1
|faint|p1a: Cinderace
|
|win|Soapyboogas
|c|☆superpanchi|close one
|c|☆superpanchi|wp
|c|☆Soapyboogas|wow gg
|l| Jackstrick321

</script>
</div>
<div class="battle-log battle-log-inline"><div class="inner"><div class="battle-options"></div><div class="inner message-log"><div class="chat"><small>☆superpanchi and ☆Soapyboogas joined</small></div><div class=""><small>Format:</small> <br><strong>[Gen 9] NatDex Draft</strong></div><div class=""><small><em>Sleep Clause Mod:</em> Limit one foe put to sleep</small></div><div class=""><small><em>OHKO Clause:</em> OHKO moves are banned</small></div><div class=""><small><em>Evasion Clause:</em> Evasion abilities, items, and moves are banned</small></div><div class=""><small><em>Evasion Abilities Clause:</em> Evasion abilities are banned</small></div><div class=""><small><em>Evasion Items Clause:</em> Evasion items are banned</small></div><div class=""><small><em>Evasion Moves Clause:</em> Evasion moves are banned</small></div><div class=""><small><em>Endless Battle Clause:</em> Forcing endless battles is banned</small></div><div class=""><small><em>HP Percentage Mod:</em> HP is shown in percentages</small></div><div class="chat battle-history"><strong>superpanchi's team:</strong> <em style="color:#445566;display:block;">Donphan / Tornadus-Therian / Cinderace / Beedrill / Bisharp / Palafin</em></div><div class="chat battle-history"><strong>Soapyboogas's team:</strong> <em style="color:#445566;display:block;">Roserade / Flygon / Tapu Fini / Lopunny / Gholdengo / Deoxys-Speed</em></div><div class="chat chatmessage-superpanchi"><strong style="color:#2f7ba7"><small class="groupsymbol">☆</small><span class="username">superpanchi</span>:</strong> <em>hey!</em></div><div class="chat chatmessage-soapyboogas"><strong style="color:#be4b66"><small class="groupsymbol">☆</small><span class="username">Soapyboogas</span>:</strong> <em>hello hello!</em></div><div class="chat chatmessage-soapyboogas"><strong style="color:#be4b66"><small class="groupsymbol">☆</small><span class="username">Soapyboogas</span>:</strong> <em>glhf!</em></div><div class="chat chatmessage-superpanchi"><strong style="color:#2f7ba7"><small class="groupsymbol">☆</small><span class="username">superpanchi</span>:</strong> <em>you too!</em></div><div class="chat chatmessage-soapyboogas"><strong style="color:#be4b66"><small class="groupsymbol">☆</small><span class="username">Soapyboogas</span>:</strong> <em>lets hope my prep was is as well as I play</em></div><div class="spacer battle-history"><br></div><div class="battle-history">Battle started between superpanchi and Soapyboogas!<br></div><div class="spacer battle-history"><br></div><div class="battle-history">Go! <strong>Palafin</strong>!<br></div><div class="spacer battle-history"><br></div><div class="battle-history">Soapyboogas sent out Shouldhavebeenbug (<strong>Flygon</strong>)!<br></div><div class="spacer battle-history"><br></div><h2 class="battle-history">Turn 1</h2><div class="chat chatmessage-superpanchi"><strong style="color:#2f7ba7"><small class="groupsymbol">☆</small><span class="username">superpanchi</span>:</strong> <em>i didnt prep so i think you have a great chance lol</em></div><div class="spacer battle-history"><br></div><div class="battle-history">Palafin, come back!<br></div><div class="battle-history">Go! Tornadus (<strong>Tornadus-Therian</strong>)!<br></div><div class="spacer battle-history"><br></div><div class="battle-history">Soapyboogas withdrew Shouldhavebeenbug!<br></div><div class="battle-history">Soapyboogas sent out Violette (<strong>Tapu Fini</strong>)!<br></div><div class="battle-history">[The opposing Violette's Misty Surge]<br><small>Mist swirled around the battlefield!</small><br></div><div class="spacer battle-history"><br></div><h2 class="battle-history">Turn 2</h2><div class="spacer battle-history"><br></div><div class="battle-history">Tornadus, come back!<br></div><div class="battle-history">Go! <strong>Beedrill</strong>!<br></div><div class="spacer battle-history"><br></div><div class="battle-history">The opposing Violette used <strong>Nature's Madness</strong>!<br></div><div class="battle-history"><small>(Beedrill lost 49% of its health!)</small><br></div><div class="spacer battle-history"><br></div><h2 class="battle-history">Turn 3</h2><div class="spacer battle-history"><br></div><div class="battle-history">Soapyboogas withdrew Violette!<br></div><div class="battle-history">Soapyboogas sent out Chicken joe (<strong>Gholdengo</strong>)!<br></div><div class="battle-history"><small>The opposing Chicken joe floats in the air with its Air Balloon!</small><br></div><div class="spacer battle-history"><br></div><div class="battle-history"><small>Beedrill's Beedrillite is reacting to the Key Stone!</small><br>Beedrill has Mega Evolved into Mega Beedrill!<br></div><div class="spacer battle-history"><br></div><div class="battle-history">Beedrill used <strong>U-turn</strong>!<br></div><div class="battle-history"><small>It's not very effective...</small><br></div><div class="battle-history"><small>(The opposing Chicken joe lost 10% of its health!)</small><br></div><div class="battle-history"><small>The opposing Chicken joe's Air Balloon popped!</small><br></div><div class="spacer battle-history"><br></div><div class="battle-history">Beedrill went back to superpanchi!<br></div><div class="battle-history">Go! <strong>Cinderace</strong>!<br></div><div class="spacer battle-history"><br></div><h2 class="battle-history">Turn 4</h2><div class="chat chatmessage-superpanchi"><strong style="color:#2f7ba7"><small class="groupsymbol">☆</small><span class="username">superpanchi</span>:</strong> <em>didnt even put nicknames smh</em></div><div class="spacer battle-history"><br></div><div class="battle-history">Cinderace used <strong>Pyro Ball</strong>!<br></div><div class="battle-history"><small>It's super effective!</small><br></div><div class="battle-history"><small>(The opposing Chicken joe lost 87% of its health!)</small><br></div><div class="spacer battle-history"><br></div><div class="battle-history">The opposing Chicken joe used <strong>Shadow Ball</strong>!<br></div><div class="battle-history"><small>(Cinderace lost 51% of its health!)</small><br></div><div class="spacer battle-history"><br></div><h2 class="battle-history">Turn 5</h2><div class="spacer battle-history"><br></div><div class="battle-history">Soapyboogas withdrew Chicken joe!<br></div><div class="battle-history">Soapyboogas sent out Shouldhavebeenbug (<strong>Flygon</strong>)!<br></div><div class="spacer battle-history"><br></div><div class="battle-history">Cinderace used <strong>U-turn</strong>!<br></div><div class="battle-history">[Cinderace's Libero]<br><small>Cinderace's type changed to Bug!</small><br></div><div class="battle-history"><small>(The opposing Shouldhavebeenbug lost 35% of its health!)</small><br></div><div class="spacer battle-history"><br></div><div class="battle-history">Cinderace went back to superpanchi!<br></div><div class="battle-history">Go! Palafin (<strong>Palafin-Hero</strong>)!<br></div><div class="battle-history">[Palafin's Zero to Hero]<br><small>Palafin underwent a heroic transformation!</small><br></div><div class="spacer battle-history"><br></div><div class="battle-history"><small>The opposing Shouldhavebeenbug restored a little HP using its Leftovers!</small><br></div><div class="battle-history"><small>The mist disappeared from the battlefield.</small><br></div><div class="spacer battle-history"><br></div><h2 class="battle-history">Turn 6</h2><div class="spacer battle-history"><br></div><div class="battle-history">Soapyboogas withdrew Shouldhavebeenbug!<br></div><div class="battle-history">Soapyboogas sent out Violette (<strong>Tapu Fini</strong>)!<br></div><div class="battle-history">[The opposing Violette's Misty Surge]<br><small>Mist swirled around the battlefield!</small><br></div><div class="spacer battle-history"><br></div><div class="battle-history">Palafin used <strong>Boomburst</strong>!<br></div><div class="battle-history"><small>(The opposing Violette lost 30% of its health!)</small><br></div><div class="battle-history"><small>(Palafin used its Throat Spray!)</small><br></div><div class="battle-history"><small>The Throat Spray raised Palafin's Sp. Atk!</small><br></div><div class="spacer battle-history"><br></div><h2 class="battle-history">Turn 7</h2><div class="spacer battle-history"><br></div><div class="battle-history">Palafin used <strong>Boomburst</strong>!<br></div><div class="battle-history"><small>(The opposing Violette lost 47% of its health!)</small><br></div><div class="spacer battle-history"><br></div><div class="battle-history">The opposing Violette used <strong>Nature's Madness</strong>!<br></div><div class="battle-history"><small>(Palafin lost 49% of its health!)</small><br></div><div class="spacer battle-history"><br></div><h2 class="battle-history">Turn 8</h2><div class="spacer battle-history"><br></div><div class="battle-history">Palafin used <strong>Boomburst</strong>!<br></div><div class="battle-history"><small>(The opposing Violette lost 23% of its health!)</small><br></div><div class="spacer battle-history"><br></div><div class="battle-history">The opposing Violette fainted!<br></div><div class="spacer battle-history"><br></div><div class="battle-history">Soapyboogas sent out poison ivy (<strong>Roserade</strong>)!<br></div><div class="spacer battle-history"><br></div><h2 class="battle-history">Turn 9</h2><div class="spacer battle-history"><br></div><div class="battle-history">Palafin, come back!<br></div><div class="battle-history">Go! Tornadus (<strong>Tornadus-Therian</strong>)!<br></div><div class="spacer battle-history"><br></div><div class="battle-history">The opposing poison ivy used <strong>Extrasensory</strong>!<br></div><div class="battle-history"><small>(Tornadus lost 28% of its health!)</small><br></div><div class="spacer battle-history"><br></div><h2 class="battle-history">Turn 10</h2><div class="spacer battle-history"><br></div><div class="battle-history">Soapyboogas withdrew poison ivy!<br></div><div class="battle-history">Soapyboogas sent out Chicken joe (<strong>Gholdengo</strong>)!<br></div><div class="spacer battle-history"><br></div><div class="battle-history">Tornadus used <strong>Bleakwind Storm</strong>!<br></div><div class="battle-history"><small>The opposing Chicken joe avoided the attack!</small><br></div><div class="spacer battle-history"><br></div><div class="battle-history"><small>The mist disappeared from the battlefield.</small><br></div><div class="spacer battle-history"><br></div><h2 class="battle-history">Turn 11</h2><div class="spacer battle-history"><br></div><div class="battle-history">Tornadus used <strong>U-turn</strong>!<br></div><div class="battle-history"><small>It's not very effective...</small><br></div><div class="battle-history"><small>(The opposing Chicken joe lost 3% of its health!)</small><br></div><div class="spacer battle-history"><br></div><div class="battle-history">The opposing Chicken joe fainted!<br></div><div class="spacer battle-history"><br></div><div class="battle-history">Tornadus went back to superpanchi!<br></div><div class="battle-history">Go! Beedrill (<strong>Beedrill-Mega</strong>)!<br></div><div class="spacer battle-history"><br></div><div class="battle-history">Soapyboogas sent out Shouldhavebeenbug (<strong>Flygon</strong>)!<br></div><div class="spacer battle-history"><br></div><h2 class="battle-history">Turn 12</h2><div class="spacer battle-history"><br></div><div class="battle-history"><small>The opposing Shouldhavebeenbug has Terastallized into the Poison-type!</small><br></div><div class="spacer battle-history"><br></div><div class="battle-history">Beedrill used <strong>U-turn</strong>!<br></div><div class="battle-history"><small>It's not very effective...</small><br></div><div class="battle-history"><small>(The opposing Shouldhavebeenbug lost 26% of its health!)</small><br></div><div class="spacer battle-history"><br></div><div class="battle-history">Beedrill went back to superpanchi!<br></div><div class="battle-history">Go! <strong>Donphan</strong>!<br></div><div class="spacer battle-history"><br></div><div class="battle-history">The opposing Shouldhavebeenbug used <strong>Earthquake</strong>!<br></div><div class="battle-history"><small>(Donphan lost 27% of its health!)</small><br></div><div class="spacer battle-history"><br></div><div class="battle-history"><small>The opposing Shouldhavebeenbug restored a little HP using its Leftovers!</small><br></div><div class="spacer battle-history"><br></div><h2 class="battle-history">Turn 13</h2><div class="spacer battle-history"><br></div><div class="battle-history">The opposing Shouldhavebeenbug used <strong>Roost</strong>!<br></div><div class="battle-history"><small>The opposing Shouldhavebeenbug had its HP restored.</small><br></div><div class="spacer battle-history"><br></div><div class="battle-history">Donphan used <strong>Smack Down</strong>!<br></div><div class="battle-history"><small>(The opposing Shouldhavebeenbug lost 12% of its health!)</small><br></div><div class="battle-history"><small>The opposing Shouldhavebeenbug fell straight down!</small><br></div><div class="spacer battle-history"><br></div><div class="battle-history"><small>The opposing Shouldhavebeenbug restored a little HP using its Leftovers!</small><br></div><div class="spacer battle-history"><br></div><h2 class="battle-history">Turn 14</h2><div class="spacer battle-history"><br></div><div class="battle-history">Soapyboogas withdrew Shouldhavebeenbug!<br></div><div class="battle-history">Soapyboogas sent out poison ivy (<strong>Roserade</strong>)!<br></div><div class="spacer battle-history"><br></div><div class="battle-history">Donphan used <strong>Earthquake</strong>!<br></div><div class="battle-history"><small>(The opposing poison ivy lost 51% of its health!)</small><br></div><div class="spacer battle-history"><br></div><h2 class="battle-history">Turn 15</h2><div class="spacer battle-history"><br></div><div class="battle-history">Donphan, come back!<br></div><div class="battle-history">Go! Tornadus (<strong>Tornadus-Therian</strong>)!<br></div><div class="spacer battle-history"><br></div><div class="battle-history">The opposing poison ivy used <strong>Giga Drain</strong>!<br></div><div class="battle-history"><small>It's not very effective...</small><br></div><div class="battle-history"><small>(Tornadus lost 18% of its health!)</small><br></div><div class="battle-history"><small>Tornadus had its energy drained!</small><br></div><div class="spacer battle-history"><br></div><h2 class="battle-history">Turn 16</h2><div class="spacer battle-history"><br></div><div class="battle-history">Tornadus used <strong>Bleakwind Storm</strong>!<br></div><div class="battle-history"><small>The opposing poison ivy avoided the attack!</small><br></div><div class="spacer battle-history"><br></div><div class="battle-history">The opposing poison ivy used <strong>Sludge Bomb</strong>!<br></div><div class="battle-history"><small>(Tornadus lost 45% of its health!)</small><br></div><div class="spacer battle-history"><br></div><h2 class="battle-history">Turn 17</h2><div class="spacer battle-history"><br></div><div class="battle-history">Soapyboogas withdrew poison ivy!<br></div><div class="battle-history">Soapyboogas sent out Shouldhavebeenbug (<strong>Flygon</strong>)!<br></div><div class="spacer battle-history"><br></div><div class="battle-history">Tornadus used <strong>Bleakwind Storm</strong>!<br></div><div class="battle-history"><small>The opposing Shouldhavebeenbug avoided the attack!</small><br></div><div class="spacer battle-history"><br></div><div class="battle-history"><small>The opposing Shouldhavebeenbug restored a little HP using its Leftovers!</small><br></div><div class="spacer battle-history"><br></div><h2 class="battle-history">Turn 18</h2><div class="spacer battle-history"><br></div><div class="battle-history">Tornadus used <strong>U-turn</strong>!<br></div><div class="battle-history"><small>It's not very effective...</small><br></div><div class="battle-history"><small>(The opposing Shouldhavebeenbug lost 5% of its health!)</small><br></div><div class="spacer battle-history"><br></div><div class="battle-history">Tornadus went back to superpanchi!<br></div><div class="battle-history">Go! Beedrill (<strong>Beedrill-Mega</strong>)!<br></div><div class="spacer battle-history"><br></div><div class="battle-history">The opposing Shouldhavebeenbug used <strong>Toxic</strong>!<br></div><div class="battle-history"><small>It doesn't affect Beedrill...</small><br></div><div class="spacer battle-history"><br></div><div class="battle-history"><small>The opposing Shouldhavebeenbug restored a little HP using its Leftovers!</small><br></div><div class="spacer battle-history"><br></div><h2 class="battle-history">Turn 19</h2><div class="spacer battle-history"><br></div><div class="battle-history">Beedrill used <strong>Knock Off</strong>!<br></div><div class="battle-history"><small>(The opposing Shouldhavebeenbug lost 38% of its health!)</small><br></div><div class="battle-history"><small>Beedrill knocked off the opposing Shouldhavebeenbug's Leftovers!</small><br></div><div class="spacer battle-history"><br></div><div class="battle-history">The opposing Shouldhavebeenbug used <strong>Earthquake</strong>!<br></div><div class="battle-history"><small>(Beedrill lost 51% of its health!)</small><br></div><div class="spacer battle-history"><br></div><div class="battle-history">Beedrill fainted!<br></div><div class="spacer battle-history"><br></div><div class="battle-history">Go! Tornadus (<strong>Tornadus-Therian</strong>)!<br></div><div class="spacer battle-history"><br></div><h2 class="battle-history">Turn 20</h2><div class="spacer battle-history"><br></div><div class="battle-history">Tornadus used <strong>Bleakwind Storm</strong>!<br></div><div class="battle-history"><small>(The opposing Shouldhavebeenbug lost 43% of its health!)</small><br></div><div class="battle-history"><small>The opposing Shouldhavebeenbug's Speed fell!</small><br></div><div class="spacer battle-history"><br></div><div class="battle-history">The opposing Shouldhavebeenbug used <strong>Roost</strong>!<br></div><div class="battle-history"><small>The opposing Shouldhavebeenbug had its HP restored.</small><br></div><div class="spacer battle-history"><br></div><h2 class="battle-history">Turn 21</h2><div class="spacer battle-history"><br></div><div class="battle-history">Tornadus used <strong>Heat Wave</strong>!<br></div><div class="battle-history"><small>(The opposing Shouldhavebeenbug lost 28% of its health!)</small><br></div><div class="spacer battle-history"><br></div><div class="battle-history">The opposing Shouldhavebeenbug used <strong>Toxic</strong>!<br></div><div class="battle-history"><small>Tornadus was badly poisoned!</small><br></div><div class="spacer battle-history"><br></div><div class="battle-history"><small>Tornadus was hurt by poison!</small><br></div><div class="spacer battle-history"><br></div><h2 class="battle-history">Turn 22</h2><div class="spacer battle-history"><br></div><div class="battle-history">Tornadus used <strong>U-turn</strong>!<br></div><div class="battle-history"><small>It's not very effective...</small><br></div><div class="battle-history"><small>A critical hit!</small><br></div><div class="battle-history"><small>(The opposing Shouldhavebeenbug lost 11% of its health!)</small><br></div><div class="spacer battle-history"><br></div><div class="battle-history">Tornadus went back to superpanchi!<br></div><div class="battle-history">Go! <strong>Donphan</strong>!<br></div><div class="spacer battle-history"><br></div><div class="battle-history">The opposing Shouldhavebeenbug used <strong>Roost</strong>!<br></div><div class="battle-history"><small>The opposing Shouldhavebeenbug had its HP restored.</small><br></div><div class="spacer battle-history"><br></div><h2 class="battle-history">Turn 23</h2><div class="spacer battle-history"><br></div><div class="battle-history">Soapyboogas withdrew Shouldhavebeenbug!<br></div><div class="battle-history">Soapyboogas sent out poison ivy (<strong>Roserade</strong>)!<br></div><div class="spacer battle-history"><br></div><div class="battle-history">Donphan used <strong>Smack Down</strong>!<br></div><div class="battle-history"><small>(The opposing poison ivy lost 16% of its health!)</small><br></div><div class="spacer battle-history"><br></div><h2 class="battle-history">Turn 24</h2><div class="spacer battle-history"><br></div><div class="battle-history">Donphan, come back!<br></div><div class="battle-history">Go! <strong>Bisharp</strong>!<br></div><div class="spacer battle-history"><br></div><div class="battle-history">The opposing poison ivy used <strong>Giga Drain</strong>!<br></div><div class="battle-history"><small>It's not very effective...</small><br></div><div class="battle-history"><small>(Bisharp lost 16% of its health!)</small><br></div><div class="battle-history"><small>Bisharp had its energy drained!</small><br></div><div class="spacer battle-history"><br></div><h2 class="battle-history">Turn 25</h2><div class="spacer battle-history"><br></div><div class="battle-history">The opposing poison ivy used <strong>Dazzling Gleam</strong>!<br></div><div class="battle-history"><small>(Bisharp lost 24% of its health!)</small><br></div><div class="spacer battle-history"><br></div><div class="battle-history">Bisharp used <strong>Swords Dance</strong>!<br></div><div class="battle-history"><small>Bisharp's Attack rose sharply!</small><br></div><div class="spacer battle-history"><br></div><h2 class="battle-history">Turn 26</h2><div class="spacer battle-history"><br></div><div class="battle-history">Bisharp used <strong>Sucker Punch</strong>!<br></div><div class="battle-history"><small>(The opposing poison ivy lost 49% of its health!)</small><br></div><div class="spacer battle-history"><br></div><div class="battle-history">The opposing poison ivy fainted!<br></div><div class="spacer battle-history"><br></div><div class="battle-history">Soapyboogas sent out Green beam (<strong>Deoxys-Speed</strong>)!<br></div><div class="battle-history">[The opposing Green beam's Pressure]<br><small>The opposing Green beam is exerting its pressure!</small><br></div><div class="spacer battle-history"><br></div><h2 class="battle-history">Turn 27</h2><div class="spacer battle-history"><br></div><div class="battle-history"><small>Bisharp has Terastallized into the Fairy-type!</small><br></div><div class="spacer battle-history"><br></div><div class="battle-history">The opposing Green beam used <strong>Iron Defense</strong>!<br></div><div class="battle-history"><small>The opposing Green beam's Defense rose sharply!</small><br></div><div class="spacer battle-history"><br></div><div class="battle-history">Bisharp used <strong>Throat Chop</strong>!<br></div><div class="battle-history"><small>It's super effective!</small><br></div><div class="battle-history"><small>(The opposing Green beam lost 89% of its health!)</small><br></div><div class="spacer battle-history"><br></div><div class="battle-history"><small>The opposing Green beam restored a little HP using its Leftovers!</small><br></div><div class="spacer battle-history"><br></div><h2 class="battle-history">Turn 28</h2><div class="chat"><small> Jackstrick321 joined</small></div><div class="spacer battle-history"><br></div><div class="battle-history">Bisharp used <strong>Sucker Punch</strong>!<br></div><div class="battle-history"><small>But it failed!</small><br></div><div class="spacer battle-history"><br></div><div class="battle-history">The opposing Green beam used <strong>Recover</strong>!<br></div><div class="battle-history"><small>The opposing Green beam had its HP restored.</small><br></div><div class="spacer battle-history"><br></div><div class="battle-history"><small>The opposing Green beam restored a little HP using its Leftovers!</small><br></div><div class="spacer battle-history"><br></div><h2 class="battle-history">Turn 29</h2><div class="spacer battle-history"><br></div><div class="battle-history">The opposing Green beam used <strong>Psychic Noise</strong>!<br></div><div class="battle-history"><small>(Bisharp lost 31% of its health!)</small><br></div><div class="battle-history"><small>Bisharp was prevented from healing!</small><br></div><div class="spacer battle-history"><br></div><div class="battle-history">Bisharp used <strong>Throat Chop</strong>!<br></div><div class="battle-history"><small>It's super effective!</small><br></div><div class="battle-history"><small>(The opposing Green beam lost 73% of its health!)</small><br></div><div class="spacer battle-history"><br></div><div class="battle-history">The opposing Green beam fainted!<br></div><div class="spacer battle-history"><br></div><div class="battle-history">Soapyboogas sent out Serena Williams (<strong>Lopunny</strong>)!<br></div><div class="spacer battle-history"><br></div><h2 class="battle-history">Turn 30</h2><div class="spacer battle-history"><br></div><div class="battle-history"><small>The opposing Serena Williams's Lopunnite is reacting to the Key Stone!</small><br>The opposing Serena Williams has Mega Evolved into Mega Lopunny!<br></div><div class="spacer battle-history"><br></div><div class="battle-history">The opposing Serena Williams used <strong>Fake Out</strong>!<br></div><div class="battle-history"><small>(Bisharp lost 18% of its health!)</small><br></div><div class="spacer battle-history"><br></div><div class="battle-history">Bisharp flinched and couldn't move!<br></div><div class="spacer battle-history"><br></div><div class="battle-history"><small>Bisharp's Heal Block wore off!</small><br></div><div class="spacer battle-history"><br></div><h2 class="battle-history">Turn 31</h2><div class="spacer battle-history"><br></div><div class="battle-history">The opposing Serena Williams used <strong>Quick Attack</strong>!<br></div><div class="battle-history"><small>(Bisharp lost 11% of its health!)</small><br></div><div class="spacer battle-history"><br></div><div class="battle-history">Bisharp fainted!<br></div><div class="spacer battle-history"><br></div><div class="battle-history">Go! Tornadus (<strong>Tornadus-Therian</strong>)!<br></div><div class="spacer battle-history"><br></div><h2 class="battle-history">Turn 32</h2><div class="spacer battle-history"><br></div><div class="battle-history">The opposing Serena Williams used <strong>Triple Axel</strong>!<br></div><div class="battle-history"><small>It's super effective!</small><br></div><div class="battle-history"><small>(Tornadus lost 19% of its health!)</small><br></div><div class="battle-history"><small>It's super effective!</small><br></div><div class="battle-history"><small>(Tornadus lost 42% of its health!)</small><br></div><div class="battle-history"><small>It's super effective!</small><br></div><div class="battle-history"><small>(Tornadus lost 36% of its health!)</small><br></div><div class="spacer battle-history"><br></div><div class="battle-history">Tornadus fainted!<br></div><div class="battle-history"><small>The Pokémon was hit 3 times!</small><br></div><div class="spacer battle-history"><br></div><div class="battle-history">Go! Palafin (<strong>Palafin-Hero</strong>)!<br></div><div class="spacer battle-history"><br></div><h2 class="battle-history">Turn 33</h2><div class="spacer battle-history"><br></div><div class="battle-history">The opposing Serena Williams used <strong>Close Combat</strong>!<br></div><div class="battle-history"><small>(Palafin lost 51% of its health!)</small><br></div><div class="battle-history"><small>The opposing Serena Williams's Defense fell!</small><br></div><div class="battle-history"><small>The opposing Serena Williams's Sp. Def fell!</small><br></div><div class="spacer battle-history"><br></div><div class="battle-history">Palafin fainted!<br></div><div class="spacer battle-history"><br></div><div class="battle-history">Go! <strong>Donphan</strong>!<br></div><div class="spacer battle-history"><br></div><h2 class="battle-history">Turn 34</h2><div class="spacer battle-history"><br></div><div class="battle-history">Soapyboogas withdrew Serena Williams!<br></div><div class="battle-history">Soapyboogas sent out Shouldhavebeenbug (<strong>Flygon</strong>)!<br></div><div class="spacer battle-history"><br></div><div class="battle-history">Donphan used <strong>Earthquake</strong>!<br></div><div class="battle-history">[The opposing Shouldhavebeenbug's Levitate]<br><small>It doesn't affect the opposing Shouldhavebeenbug...</small><br></div><div class="spacer battle-history"><br></div><h2 class="battle-history">Turn 35</h2><div class="spacer battle-history"><br></div><div class="battle-history">The opposing Shouldhavebeenbug used <strong>Earthquake</strong>!<br></div><div class="battle-history"><small>(Donphan lost 27% of its health!)</small><br></div><div class="spacer battle-history"><br></div><div class="battle-history">Donphan used <strong>Smack Down</strong>!<br></div><div class="battle-history"><small>(The opposing Shouldhavebeenbug lost 12% of its health!)</small><br></div><div class="battle-history"><small>The opposing Shouldhavebeenbug fell straight down!</small><br></div><div class="spacer battle-history"><br></div><h2 class="battle-history">Turn 36</h2><div class="spacer battle-history"><br></div><div class="battle-history">The opposing Shouldhavebeenbug used <strong>Toxic</strong>!<br></div><div class="battle-history"><small>Donphan was badly poisoned!</small><br></div><div class="spacer battle-history"><br></div><div class="battle-history">Donphan used <strong>Earthquake</strong>!<br></div><div class="battle-history"><small>It's super effective!</small><br></div><div class="battle-history"><small>(The opposing Shouldhavebeenbug lost 67% of its health!)</small><br></div><div class="spacer battle-history"><br></div><div class="battle-history">The opposing Shouldhavebeenbug fainted!<br></div><div class="spacer battle-history"><br></div><div class="battle-history"><small>Donphan was hurt by poison!</small><br></div><div class="spacer battle-history"><br></div><div class="battle-history">Soapyboogas sent out Serena Williams (<strong>Lopunny-Mega</strong>)!<br></div><div class="spacer battle-history"><br></div><h2 class="battle-history">Turn 37</h2><div class="spacer battle-history"><br></div><div class="battle-history">Donphan used <strong>Ice Shard</strong>!<br></div><div class="battle-history"><small>(The opposing Serena Williams lost 14% of its health!)</small><br></div><div class="spacer battle-history"><br></div><div class="battle-history">The opposing Serena Williams used <strong>Triple Axel</strong>!<br></div><div class="battle-history"><small>It's super effective!</small><br></div><div class="battle-history"><small>(Donphan lost 12% of its health!)</small><br></div><div class="battle-history"><small>It's super effective!</small><br></div><div class="battle-history"><small>(Donphan lost 23% of its health!)</small><br></div><div class="battle-history"><small>It's super effective!</small><br></div><div class="battle-history"><small>(Donphan lost 5% of its health!)</small><br></div><div class="spacer battle-history"><br></div><div class="battle-history">Donphan fainted!<br></div><div class="battle-history"><small>The Pokémon was hit 3 times!</small><br></div><div class="spacer battle-history"><br></div><div class="battle-history">Go! <strong>Cinderace</strong>!<br></div><div class="spacer battle-history"><br></div><h2 class="battle-history">Turn 38</h2><div class="spacer battle-history"><br></div><div class="battle-history">The opposing Serena Williams used <strong>Close Combat</strong>!<br></div><div class="battle-history"><small>A critical hit!</small><br></div><div class="battle-history"><small>(Cinderace lost 49% of its health!)</small><br></div><div class="battle-history"><small>The opposing Serena Williams's Defense fell!</small><br></div><div class="battle-history"><small>The opposing Serena Williams's Sp. Def fell!</small><br></div><div class="spacer battle-history"><br></div><div class="battle-history">Cinderace fainted!<br></div><div class="spacer battle-history"><br></div><div class="battle-history"><strong>Soapyboogas</strong> won the battle!<br></div><div class="chat chatmessage-superpanchi"><strong style="color:#2f7ba7"><small class="groupsymbol">☆</small><span class="username">superpanchi</span>:</strong> <em>close one</em></div><div class="chat chatmessage-superpanchi"><strong style="color:#2f7ba7"><small class="groupsymbol">☆</small><span class="username">superpanchi</span>:</strong> <em>wp</em></div><div class="chat chatmessage-soapyboogas"><strong style="color:#be4b66"><small class="groupsymbol">☆</small><span class="username">Soapyboogas</span>:</strong> <em>wow gg</em></div><div class="chat"><small> Jackstrick321 left</small></div></div><div class="inner-preempt message-log"></div></div></div>
</div>
<script>
let daily = Math.floor(Date.now()/1000/60/60/24);document.write('<script src="https://play.pokemonshowdown.com/js/replay-embed.js?version'+daily+'"></'+'script>');
</script>
