<!DOCTYPE html>
<meta charset="utf-8" />
<!-- version 1 -->
<title>[Gen 9] NatDex Draft replay: DrJargo vs. Astral Rifk</title>
<style>
html,body {font-family:Verdana, sans-serif;font-size:10pt;margin:0;padding:0;}body{padding:12px 0;} .battle-log {font-family:Verdana, sans-serif;font-size:10pt;} .battle-log-inline {border:1px solid #AAAAAA;background:#EEF2F5;color:black;max-width:640px;margin:0 auto 80px;padding-bottom:5px;} .battle-log .inner {padding:4px 8px 0px 8px;} .battle-log .inner-preempt {padding:0 8px 4px 8px;} .battle-log .inner-after {margin-top:0.5em;} .battle-log h2 {margin:0.5em -8px;padding:4px 8px;border:1px solid #AAAAAA;background:#E0E7EA;border-left:0;border-right:0;font-family:Verdana, sans-serif;font-size:13pt;} .battle-log .chat {vertical-align:middle;padding:3px 0 3px 0;font-size:8pt;} .battle-log .chat strong {color:#40576A;} .battle-log .chat em {padding:1px 4px 1px 3px;color:#000000;font-style:normal;} .chat.mine {background:rgba(0,0,0,0.05);margin-left:-8px;margin-right:-8px;padding-left:8px;padding-right:8px;} .spoiler {color:#BBBBBB;background:#BBBBBB;padding:0px 3px;} .spoiler:hover, .spoiler:active, .spoiler-shown {color:#000000;background:#E2E2E2;padding:0px 3px;} .spoiler a {color:#BBBBBB;} .spoiler:hover a, .spoiler:active a, .spoiler-shown a {color:#2288CC;} .chat code, .chat .spoiler:hover code, .chat .spoiler:active code, .chat .spoiler-shown code {border:1px solid #C0C0C0;background:#EEEEEE;color:black;padding:0 2px;} .chat .spoiler code {border:1px solid #CCCCCC;background:#CCCCCC;color:#CCCCCC;} .battle-log .rated {padding:3px 4px;} .battle-log .rated strong {color:white;background:#89A;padding:1px 4px;border-radius:4px;} .spacer {margin-top:0.5em;} .message-announce {background:#6688AA;color:white;padding:1px 4px 2px;} .message-announce a, .broadcast-green a, .broadcast-blue a, .broadcast-red a {color:#DDEEFF;} .broadcast-green {background-color:#559955;color:white;padding:2px 4px;} .broadcast-blue {background-color:#6688AA;color:white;padding:2px 4px;} .infobox {border:1px solid #6688AA;padding:2px 4px;} .infobox-limited {max-height:200px;overflow:auto;overflow-x:hidden;} .broadcast-red {background-color:#AA5544;color:white;padding:2px 4px;} .message-learn-canlearn {font-weight:bold;color:#228822;text-decoration:underline;} .message-learn-cannotlearn {font-weight:bold;color:#CC2222;text-decoration:underline;} .message-effect-weak {font-weight:bold;color:#CC2222;} .message-effect-resist {font-weight:bold;color:#6688AA;} .message-effect-immune {font-weight:bold;color:#666666;} .message-learn-list {margin-top:0;margin-bottom:0;} .message-throttle-notice, .message-error {color:#992222;} .message-overflow, .chat small.message-overflow {font-size:0pt;} .message-overflow::before {font-size:9pt;content:'...';} .subtle {color:#3A4A66;}
</style>
<div class="wrapper replay-wrapper" style="max-width:1180px;margin:0 auto">
<input type="hidden" name="replayid" value="gen9natdexdraft-2374714139" />
<div class="battle"></div><div class="battle-log"></div><div class="replay-controls"></div><div class="replay-controls-2"></div>
<h1 style="font-weight:normal;text-align:center"><strong>[Gen 9] NatDex Draft</strong><br /><a href="http://pokemonshowdown.com/users/drjargo" class="subtle" target="_blank">DrJargo</a> vs. <a href="http://pokemonshowdown.com/users/astralrifk" class="subtle" target="_blank">Astral Rifk</a></h1>
<script type="text/plain" class="battle-log-data">
|j|☆DrJargo
|j|☆Astral Rifk
|t:|1748557630
|gametype|singles
|player|p1|DrJargo|265|
|player|p2|Astral Rifk|miku-ghost|
|teamsize|p1|6
|teamsize|p2|6
|gen|9
|tier|[Gen 9] NatDex Draft
|rule|Sleep Clause Mod: Limit one foe put to sleep
|rule|OHKO Clause: OHKO moves are banned
|rule|Evasion Clause: Evasion abilities, items, and moves are banned
|rule|Evasion Abilities Clause: Evasion abilities are banned
|rule|Evasion Items Clause: Evasion items are banned
|rule|Evasion Moves Clause: Evasion moves are banned
|rule|Endless Battle Clause: Forcing endless battles is banned
|rule|HP Percentage Mod: HP is shown in percentages
|clearpoke
|poke|p1|Arcanine-Hisui, M|
|poke|p1|Nidoqueen, F|
|poke|p1|Zeraora|
|poke|p1|Iron Valiant|
|poke|p1|Swellow, M|
|poke|p1|Hydrapple, M|
|poke|p2|Alomomola, F|
|poke|p2|Scizor, M|
|poke|p2|Arboliva, M|
|poke|p2|Pecharunt|
|poke|p2|Moltres|
|poke|p2|Ting-Lu|
|teampreview
|
|t:|1748557701
|start
|switch|p1a: Hydrapple|Hydrapple, M|100\/100
|switch|p2a: Pecharunt|Pecharunt|100\/100
|turn|1
|
|t:|1748557725
|move|p2a: Pecharunt|Sludge Bomb|p1a: Hydrapple
|-supereffective|p1a: Hydrapple
|-damage|p1a: Hydrapple|40\/100
|move|p1a: Hydrapple|Earth Power|p2a: Pecharunt
|-supereffective|p2a: Pecharunt
|-damage|p2a: Pecharunt|40\/100
|
|upkeep
|turn|2
|
|t:|1748557737
|switch|p1a: Nidoqueen|Nidoqueen, F|100\/100
|move|p2a: Pecharunt|Parting Shot|p1a: Nidoqueen
|-unboost|p1a: Nidoqueen|atk|1
|-unboost|p1a: Nidoqueen|spa|1
|
|t:|1748557766
|switch|p2a: Ting-Lu|Ting-Lu|100\/100|[from] Parting Shot
|-ability|p2a: Ting-Lu|Vessel of Ruin
|
|upkeep
|turn|3
|
|t:|1748557776
|switch|p1a: Hydrapple|Hydrapple, M|73\/100
|move|p2a: Ting-Lu|Earthquake|p1a: Hydrapple
|-resisted|p1a: Hydrapple
|-damage|p1a: Hydrapple|59\/100
|
|upkeep
|turn|4
|
|t:|1748557783
|switch|p2a: Scizor|Scizor, M|100\/100
|move|p1a: Hydrapple|Recover|p1a: Hydrapple
|-heal|p1a: Hydrapple|100\/100
|
|upkeep
|turn|5
|
|t:|1748557804
|detailschange|p2a: Scizor|Scizor-Mega, M
|-mega|p2a: Scizor|Scizor|Scizorite
|move|p2a: Scizor|Sand Tomb|p1a: Hydrapple
|-resisted|p1a: Hydrapple
|-damage|p1a: Hydrapple|95\/100
|-activate|p1a: Hydrapple|move: Sand Tomb|[of] p2a: Scizor
|move|p1a: Hydrapple|Earth Power|p2a: Scizor
|-damage|p2a: Scizor|77\/100
|
|-damage|p1a: Hydrapple|82\/100|[from] move: Sand Tomb|[partiallytrapped]
|upkeep
|turn|6
|
|t:|1748557827
|move|p2a: Scizor|U-turn|p1a: Hydrapple
|-supereffective|p1a: Hydrapple
|-damage|p1a: Hydrapple|34\/100
|
|t:|1748557850
|switch|p2a: Arboliva|Arboliva, M|100\/100|[from] U-turn
|move|p1a: Hydrapple|Earth Power|p2a: Arboliva
|-resisted|p2a: Arboliva
|-damage|p2a: Arboliva|90\/100
|-unboost|p2a: Arboliva|spd|1
|-fieldstart|move: Grassy Terrain|[from] ability: Seed Sower|[of] p2a: Arboliva
|
|-heal|p1a: Hydrapple|40\/100|[from] Grassy Terrain
|-heal|p2a: Arboliva|96\/100|[from] Grassy Terrain
|-end|p1a: Hydrapple|Sand Tomb|[partiallytrapped]|[silent]
|upkeep
|turn|7
|
|t:|1748557873
|switch|p1a: Nidoqueen|Nidoqueen, F|100\/100
|move|p2a: Arboliva|Earth Power|p1a: Nidoqueen
|-supereffective|p1a: Nidoqueen
|-crit|p1a: Nidoqueen
|-damage|p1a: Nidoqueen|14\/100
|
|-heal|p1a: Nidoqueen|20\/100|[from] Grassy Terrain
|-heal|p2a: Arboliva|100\/100|[from] Grassy Terrain
|upkeep
|turn|8
|
|t:|1748557882
|switch|p2a: Ting-Lu|Ting-Lu|100\/100
|-ability|p2a: Ting-Lu|Vessel of Ruin
|move|p1a: Nidoqueen|Poison Jab|p2a: Ting-Lu
|-resisted|p2a: Ting-Lu
|-damage|p2a: Ting-Lu|84\/100
|
|-heal|p1a: Nidoqueen|26\/100|[from] Grassy Terrain
|-heal|p2a: Ting-Lu|90\/100|[from] Grassy Terrain
|-heal|p2a: Ting-Lu|97\/100|[from] item: Leftovers
|upkeep
|turn|9
|
|t:|1748557889
|switch|p1a: Hydrapple|Hydrapple, M|73\/100
|move|p2a: Ting-Lu|Spikes|p1a: Hydrapple
|-sidestart|p1: DrJargo|Spikes
|
|-heal|p2a: Ting-Lu|100\/100|[from] Grassy Terrain
|-heal|p1a: Hydrapple|80\/100|[from] Grassy Terrain
|upkeep
|turn|10
|
|t:|1748557897
|switch|p2a: Scizor|Scizor-Mega, M|77\/100
|move|p1a: Hydrapple|Fickle Beam|p2a: Scizor
|-resisted|p2a: Scizor
|-damage|p2a: Scizor|61\/100
|
|-heal|p2a: Scizor|67\/100|[from] Grassy Terrain
|-heal|p1a: Hydrapple|86\/100|[from] Grassy Terrain
|-fieldend|move: Grassy Terrain
|upkeep
|turn|11
|
|t:|1748557946
|move|p2a: Scizor|Roost|p2a: Scizor
|-heal|p2a: Scizor|100\/100
|-singleturn|p2a: Scizor|move: Roost
|move|p1a: Hydrapple|Earth Power|p2a: Scizor
|-damage|p2a: Scizor|75\/100
|
|upkeep
|turn|12
|
|t:|1748557953
|move|p2a: Scizor|U-turn|p1a: Hydrapple
|-supereffective|p1a: Hydrapple
|-damage|p1a: Hydrapple|30\/100
|
|t:|1748557980
|switch|p2a: Moltres|Moltres|100\/100|[from] U-turn
|move|p1a: Hydrapple|Earth Power|p2a: Moltres
|-immune|p2a: Moltres
|
|upkeep
|turn|13
|
|t:|1748557987
|switch|p1a: Nidoqueen|Nidoqueen, F|26\/100
|-damage|p1a: Nidoqueen|14\/100|[from] Spikes
|move|p2a: Moltres|Scorching Sands|p1a: Nidoqueen
|-supereffective|p1a: Nidoqueen
|-damage|p1a: Nidoqueen|0 fnt
|faint|p1a: Nidoqueen
|
|upkeep
|
|t:|1748557997
|switch|p1a: Arcanine|Arcanine-Hisui, M|100\/100
|-damage|p1a: Arcanine|88\/100|[from] Spikes
|turn|14
|
|t:|1748558004
|switch|p2a: Alomomola|Alomomola, F|100\/100
|move|p1a: Arcanine|Head Smash|p2a: Alomomola|[miss]
|-miss|p1a: Arcanine|p2a: Alomomola
|
|upkeep
|turn|15
|c|☆Astral Rifk|mb if thats band
|
|t:|1748558018
|switch|p1a: Hydrapple|Hydrapple, M|64\/100
|move|p2a: Alomomola|Wish|p2a: Alomomola
|
|upkeep
|turn|16
|
|t:|1748558027
|switch|p2a: Scizor|Scizor-Mega, M|75\/100
|move|p1a: Hydrapple|Recover|p1a: Hydrapple
|-heal|p1a: Hydrapple|100\/100
|
|-heal|p2a: Scizor|100\/100|[from] move: Wish|[wisher] Alomomola
|upkeep
|turn|17
|
|t:|1748558082
|switch|p1a: Swellow|Swellow, M|100\/100
|move|p2a: Scizor|Bullet Punch|p1a: Swellow
|-damage|p1a: Swellow|44\/100
|
|upkeep
|turn|18
|c|☆DrJargo|ur cheating
|
|t:|1748558106
|switch|p1a: Hydrapple|Hydrapple, M|100\/100
|move|p2a: Scizor|Bullet Punch|p1a: Hydrapple
|-damage|p1a: Hydrapple|76\/100
|
|upkeep
|turn|19
|
|t:|1748558122
|move|p2a: Scizor|U-turn|p1a: Hydrapple
|-supereffective|p1a: Hydrapple
|-damage|p1a: Hydrapple|23\/100
|
|t:|1748558160
|switch|p2a: Moltres|Moltres|100\/100|[from] U-turn
|move|p1a: Hydrapple|Recover|p1a: Hydrapple
|-heal|p1a: Hydrapple|73\/100
|
|upkeep
|turn|20
|
|t:|1748558167
|switch|p1a: Arcanine|Arcanine-Hisui, M|88\/100
|-damage|p1a: Arcanine|76\/100|[from] Spikes
|move|p2a: Moltres|Roar|p1a: Arcanine
|drag|p1a: Zeraora|Zeraora|100\/100
|-item|p1a: Zeraora|Air Balloon
|
|upkeep
|turn|21
|
|t:|1748558185
|move|p1a: Zeraora|Grass Knot|p2a: Moltres
|-resisted|p2a: Moltres
|-damage|p2a: Moltres|97\/100
|move|p2a: Moltres|Roar|p1a: Zeraora
|drag|p1a: Arcanine|Arcanine-Hisui, M|76\/100
|-damage|p1a: Arcanine|63\/100|[from] Spikes
|
|upkeep
|turn|22
|j| psydomia
|c|☆Astral Rifk|ah ic
|
|t:|1748558209
|switch|p2a: Alomomola|Alomomola, F|100\/100
|move|p1a: Arcanine|Head Smash|p2a: Alomomola
|-damage|p2a: Alomomola|48\/100
|
|upkeep
|turn|23
|l| psydomia
|
|t:|1748558262
|switch|p2a: Ting-Lu|Ting-Lu|100\/100
|-ability|p2a: Ting-Lu|Vessel of Ruin
|move|p1a: Arcanine|Head Smash|p2a: Ting-Lu
|-resisted|p2a: Ting-Lu
|-damage|p2a: Ting-Lu|80\/100
|
|-heal|p2a: Ting-Lu|86\/100|[from] item: Leftovers
|upkeep
|turn|24
|
|t:|1748558269
|switch|p1a: Swellow|Swellow, M|44\/100
|move|p2a: Ting-Lu|Stealth Rock|p1a: Swellow
|-sidestart|p1: DrJargo|move: Stealth Rock
|
|-heal|p2a: Ting-Lu|92\/100|[from] item: Leftovers
|upkeep
|turn|25
|
|t:|1748558367
|move|p1a: Swellow|Defog|p2a: Ting-Lu
|-unboost|p2a: Ting-Lu|evasion|1
|-sideend|p1: DrJargo|Spikes|[from] move: Defog|[of] p1a: Swellow
|-sideend|p1: DrJargo|Stealth Rock|[from] move: Defog|[of] p1a: Swellow
|move|p2a: Ting-Lu|Whirlwind|p1a: Swellow
|drag|p1a: Arcanine|Arcanine-Hisui, M|63\/100
|
|-heal|p2a: Ting-Lu|99\/100|[from] item: Leftovers
|upkeep
|turn|26
|
|t:|1748558377
|switch|p1a: Swellow|Swellow, M|44\/100
|switch|p2a: Alomomola|Alomomola, F|82\/100
|
|upkeep
|turn|27
|
|t:|1748558384
|move|p2a: Alomomola|Protect|p2a: Alomomola
|-singleturn|p2a: Alomomola|Protect
|move|p1a: Swellow|Roost|p1a: Swellow
|-heal|p1a: Swellow|94\/100
|-singleturn|p1a: Swellow|move: Roost
|
|upkeep
|turn|28
|
|t:|1748558400
|switch|p1a: Hydrapple|Hydrapple, M|100\/100
|move|p2a: Alomomola|Flip Turn|p1a: Hydrapple
|-resisted|p1a: Hydrapple
|-damage|p1a: Hydrapple|98\/100
|
|t:|1748558409
|switch|p2a: Scizor|Scizor-Mega, M|100\/100|[from] Flip Turn
|
|upkeep
|turn|29
|
|t:|1748558459
|move|p2a: Scizor|Bullet Punch|p1a: Hydrapple
|-damage|p1a: Hydrapple|75\/100
|move|p1a: Hydrapple|Earth Power|p2a: Scizor
|-damage|p2a: Scizor|77\/100
|
|upkeep
|turn|30
|
|t:|1748558475
|move|p2a: Scizor|U-turn|p1a: Hydrapple
|-supereffective|p1a: Hydrapple
|-damage|p1a: Hydrapple|27\/100
|
|t:|1748558481
|switch|p2a: Moltres|Moltres|97\/100|[from] U-turn
|move|p1a: Hydrapple|Recover|p1a: Hydrapple
|-heal|p1a: Hydrapple|77\/100
|
|upkeep
|turn|31
|
|t:|1748558488
|move|p2a: Moltres|Flamethrower|p1a: Hydrapple
|-damage|p1a: Hydrapple|38\/100
|move|p1a: Hydrapple|Fickle Beam|p2a: Moltres|[anim] Fickle Beam All Out
|-activate|p1a: Hydrapple|move: Fickle Beam
|-damage|p2a: Moltres|38\/100
|
|upkeep
|turn|32
|
|t:|1748558500
|switch|p1a: Zeraora|Zeraora|100\/100
|-item|p1a: Zeraora|Air Balloon
|move|p2a: Moltres|Flamethrower|p1a: Zeraora
|-damage|p1a: Zeraora|52\/100
|-enditem|p1a: Zeraora|Air Balloon
|
|upkeep
|turn|33
|
|t:|1748558512
|switch|p2a: Arboliva|Arboliva, M|100\/100
|move|p1a: Zeraora|Volt Switch|p2a: Arboliva
|-resisted|p2a: Arboliva
|-damage|p2a: Arboliva|91\/100
|-fieldstart|move: Grassy Terrain|[from] ability: Seed Sower|[of] p2a: Arboliva
|
|t:|1748558518
|switch|p1a: Swellow|Swellow, M|94\/100|[from] Volt Switch
|
|-heal|p2a: Arboliva|97\/100|[from] Grassy Terrain
|upkeep
|turn|34
|
|t:|1748558577
|switch|p2a: Alomomola|Alomomola, F|100\/100
|move|p1a: Swellow|Boomburst|p2a: Alomomola
|-damage|p2a: Alomomola|54\/100
|
|-heal|p2a: Alomomola|60\/100|[from] Grassy Terrain
|upkeep
|turn|35
|
|t:|1748558584
|move|p1a: Swellow|Boomburst|p2a: Alomomola
|-damage|p2a: Alomomola|14\/100
|move|p2a: Alomomola|Wish|p2a: Alomomola
|
|-heal|p2a: Alomomola|20\/100|[from] Grassy Terrain
|upkeep
|turn|36
|j| you kill boys
|
|t:|1748558635
|switch|p2a: Ting-Lu|Ting-Lu|99\/100
|-ability|p2a: Ting-Lu|Vessel of Ruin
|move|p1a: Swellow|Boomburst|p2a: Ting-Lu
|-damage|p2a: Ting-Lu|75\/100
|
|-heal|p2a: Ting-Lu|100\/100|[from] move: Wish|[wisher] Alomomola
|upkeep
|turn|37
|
|t:|1748558666
|switch|p1a: Hydrapple|Hydrapple, M|71\/100
|move|p2a: Ting-Lu|Whirlwind|p1a: Hydrapple
|drag|p1a: Zeraora|Zeraora|52\/100
|
|-heal|p1a: Zeraora|58\/100|[from] Grassy Terrain
|-fieldend|move: Grassy Terrain
|upkeep
|turn|38
|
|t:|1748558697
|switch|p1a: Hydrapple|Hydrapple, M|100\/100
|switch|p2a: Arboliva|Arboliva, M|97\/100
|
|upkeep
|turn|39
|
|t:|1748558703
|switch|p2a: Scizor|Scizor-Mega, M|77\/100
|move|p1a: Hydrapple|Fickle Beam|p2a: Scizor
|-resisted|p2a: Scizor
|-damage|p2a: Scizor|62\/100
|
|upkeep
|turn|40
|
|t:|1748558716
|switch|p1a: Arcanine|Arcanine-Hisui, M|63\/100
|move|p2a: Scizor|Roost|p2a: Scizor
|-heal|p2a: Scizor|100\/100
|-singleturn|p2a: Scizor|move: Roost
|
|upkeep
|turn|41
|
|t:|1748558738
|switch|p2a: Pecharunt|Pecharunt|40\/100
|move|p1a: Arcanine|Flare Blitz|p2a: Pecharunt
|-damage|p2a: Pecharunt|10\/100
|-damage|p1a: Arcanine|47\/100|[from] item: Rocky Helmet|[of] p2a: Pecharunt
|
|upkeep
|turn|42
|
|t:|1748558748
|move|p1a: Arcanine|Flare Blitz|p2a: Pecharunt
|-damage|p2a: Pecharunt|0 fnt
|-damage|p1a: Arcanine|30\/100|[from] item: Rocky Helmet|[of] p2a: Pecharunt
|faint|p2a: Pecharunt
|
|upkeep
|
|t:|1748558750
|switch|p2a: Alomomola|Alomomola, F|53\/100
|turn|43
|
|t:|1748558766
|switch|p1a: Iron Valiant|Iron Valiant|100\/100
|move|p2a: Alomomola|Scald|p1a: Iron Valiant
|-damage|p1a: Iron Valiant|73\/100
|
|upkeep
|turn|44
|
|t:|1748558788
|move|p2a: Alomomola|Protect|p2a: Alomomola
|-singleturn|p2a: Alomomola|Protect
|move|p1a: Iron Valiant|Thunderbolt|p2a: Alomomola
|-activate|p2a: Alomomola|move: Protect
|
|upkeep
|turn|45
|
|t:|1748558846
|switch|p2a: Arboliva|Arboliva, M|97\/100
|move|p1a: Iron Valiant|Moonblast|p2a: Arboliva
|-damage|p2a: Arboliva|68\/100
|-fieldstart|move: Grassy Terrain|[from] ability: Seed Sower|[of] p2a: Arboliva
|
|-heal|p1a: Iron Valiant|79\/100|[from] Grassy Terrain
|-heal|p2a: Arboliva|74\/100|[from] Grassy Terrain
|upkeep
|turn|46
|
|t:|1748558932
|switch|p2a: Moltres|Moltres|38\/100
|move|p1a: Iron Valiant|Fire Punch|p2a: Moltres
|-resisted|p2a: Moltres
|-damage|p2a: Moltres|27\/100
|
|-heal|p1a: Iron Valiant|86\/100|[from] Grassy Terrain
|upkeep
|turn|47
|
|t:|1748558943
|move|p1a: Iron Valiant|Thunderbolt|p2a: Moltres
|-supereffective|p2a: Moltres
|-damage|p2a: Moltres|0 fnt
|faint|p2a: Moltres
|
|-heal|p1a: Iron Valiant|92\/100|[from] Grassy Terrain
|upkeep
|c|☆Astral Rifk|yeah shouldve just attacked
|
|t:|1748558990
|switch|p2a: Scizor|Scizor-Mega, M|100\/100
|turn|48
|
|t:|1748558999
|move|p2a: Scizor|Bullet Punch|p1a: Iron Valiant
|-supereffective|p1a: Iron Valiant
|-damage|p1a: Iron Valiant|21\/100
|move|p1a: Iron Valiant|Fire Punch|p2a: Scizor
|-supereffective|p2a: Scizor
|-damage|p2a: Scizor|25\/100
|
|-heal|p1a: Iron Valiant|27\/100|[from] Grassy Terrain
|-heal|p2a: Scizor|31\/100|[from] Grassy Terrain
|upkeep
|turn|49
|
|t:|1748559011
|move|p2a: Scizor|Bullet Punch|p1a: Iron Valiant
|-supereffective|p1a: Iron Valiant
|-damage|p1a: Iron Valiant|0 fnt
|faint|p1a: Iron Valiant
|-end|p1a: Iron Valiant|Quark Drive|[silent]
|
|-heal|p2a: Scizor|37\/100|[from] Grassy Terrain
|-fieldend|move: Grassy Terrain
|upkeep
|
|t:|1748559020
|switch|p1a: Zeraora|Zeraora|58\/100
|turn|50
|
|t:|1748559033
|switch|p2a: Arboliva|Arboliva, M|74\/100
|move|p1a: Zeraora|Plasma Fists|p2a: Arboliva
|-resisted|p2a: Arboliva
|-damage|p2a: Arboliva|49\/100
|-fieldactivate|move: Ion Deluge
|-hint|Normal-type moves become Electric-type after using Plasma Fists.
|-fieldstart|move: Grassy Terrain|[from] ability: Seed Sower|[of] p2a: Arboliva
|
|-heal|p1a: Zeraora|64\/100|[from] Grassy Terrain
|-heal|p2a: Arboliva|55\/100|[from] Grassy Terrain
|upkeep
|turn|51
|
|t:|1748559041
|move|p1a: Zeraora|Acrobatics|p2a: Arboliva
|-supereffective|p2a: Arboliva
|-damage|p2a: Arboliva|0 fnt
|faint|p2a: Arboliva
|
|-heal|p1a: Zeraora|70\/100|[from] Grassy Terrain
|upkeep
|c|☆Astral Rifk|yeah shouldve just been urshi last
|c|☆DrJargo|urshi doesnt fit with stall tho
|c|☆Astral Rifk|i mean it still beat you up
|
|t:|1748559084
|switch|p2a: Ting-Lu|Ting-Lu|100\/100
|-ability|p2a: Ting-Lu|Vessel of Ruin
|turn|52
|c|☆DrJargo|then why not bring it
|c|☆Astral Rifk|thought ud bring a team w slightly diff mu here
|
|t:|1748559102
|switch|p1a: Hydrapple|Hydrapple, M|100\/100
|move|p2a: Ting-Lu|Earthquake|p1a: Hydrapple
|-resisted|p1a: Hydrapple
|-damage|p1a: Hydrapple|93\/100
|
|-heal|p1a: Hydrapple|99\/100|[from] Grassy Terrain
|upkeep
|turn|53
|
|t:|1748559111
|switch|p2a: Scizor|Scizor-Mega, M|37\/100
|move|p1a: Hydrapple|Earth Power|p2a: Scizor
|-crit|p2a: Scizor
|-damage|p2a: Scizor|1\/100
|-unboost|p2a: Scizor|spd|1
|
|-heal|p2a: Scizor|7\/100|[from] Grassy Terrain
|-heal|p1a: Hydrapple|100\/100|[from] Grassy Terrain
|upkeep
|turn|54
|
|t:|1748559119
|move|p2a: Scizor|U-turn|p1a: Hydrapple
|-supereffective|p1a: Hydrapple
|-damage|p1a: Hydrapple|49\/100
|
|t:|1748559122
|switch|p2a: Ting-Lu|Ting-Lu|100\/100|[from] U-turn
|-ability|p2a: Ting-Lu|Vessel of Ruin
|move|p1a: Hydrapple|Earth Power|p2a: Ting-Lu
|-damage|p2a: Ting-Lu|86\/100
|
|-heal|p2a: Ting-Lu|92\/100|[from] Grassy Terrain
|-heal|p2a: Ting-Lu|99\/100|[from] item: Leftovers
|-heal|p1a: Hydrapple|55\/100|[from] Grassy Terrain
|-fieldend|move: Grassy Terrain
|upkeep
|turn|55
|
|t:|1748559129
|move|p2a: Ting-Lu|Spikes|p1a: Hydrapple
|-sidestart|p1: DrJargo|Spikes
|move|p1a: Hydrapple|Recover|p1a: Hydrapple
|-heal|p1a: Hydrapple|100\/100
|
|-heal|p2a: Ting-Lu|100\/100|[from] item: Leftovers
|upkeep
|turn|56
|
|t:|1748559146
|move|p1a: Hydrapple|Energy Ball|p2a: Ting-Lu
|-supereffective|p2a: Ting-Lu
|-damage|p2a: Ting-Lu|60\/100
|move|p2a: Ting-Lu|Whirlwind|p1a: Hydrapple
|drag|p1a: Arcanine|Arcanine-Hisui, M|30\/100
|-damage|p1a: Arcanine|18\/100|[from] Spikes
|
|-heal|p2a: Ting-Lu|66\/100|[from] item: Leftovers
|upkeep
|turn|57
|
|t:|1748559158
|switch|p2a: Alomomola|Alomomola, F|87\/100
|move|p1a: Arcanine|Close Combat|p2a: Alomomola
|-damage|p2a: Alomomola|58\/100
|-unboost|p1a: Arcanine|def|1
|-unboost|p1a: Arcanine|spd|1
|
|upkeep
|turn|58
|
|t:|1748559169
|switch|p1a: Hydrapple|Hydrapple, M|100\/100
|move|p2a: Alomomola|Wish|p2a: Alomomola
|
|upkeep
|turn|59
|
|t:|1748559183
|switch|p2a: Ting-Lu|Ting-Lu|66\/100
|-ability|p2a: Ting-Lu|Vessel of Ruin
|move|p1a: Hydrapple|Earth Power|p2a: Ting-Lu
|-damage|p2a: Ting-Lu|53\/100
|
|-heal|p2a: Ting-Lu|99\/100|[from] move: Wish|[wisher] Alomomola
|-heal|p2a: Ting-Lu|100\/100|[from] item: Leftovers
|upkeep
|turn|60
|
|t:|1748559190
|move|p1a: Hydrapple|Energy Ball|p2a: Ting-Lu
|-supereffective|p2a: Ting-Lu
|-damage|p2a: Ting-Lu|63\/100
|move|p2a: Ting-Lu|Whirlwind|p1a: Hydrapple
|drag|p1a: Swellow|Swellow, M|94\/100
|
|-heal|p2a: Ting-Lu|69\/100|[from] item: Leftovers
|upkeep
|turn|61
|
|t:|1748559198
|move|p1a: Swellow|Boomburst|p2a: Ting-Lu
|-damage|p2a: Ting-Lu|43\/100
|move|p2a: Ting-Lu|Whirlwind|p1a: Swellow
|drag|p1a: Zeraora|Zeraora|70\/100
|-damage|p1a: Zeraora|58\/100|[from] Spikes
|
|-heal|p2a: Ting-Lu|49\/100|[from] item: Leftovers
|upkeep
|turn|62
|c|☆Astral Rifk|ah yeah thats game
|
|t:|1748559213
|switch|p1a: Hydrapple|Hydrapple, M|100\/100
|move|p2a: Ting-Lu|Earthquake|p1a: Hydrapple
|-resisted|p1a: Hydrapple
|-damage|p1a: Hydrapple|85\/100
|
|-heal|p2a: Ting-Lu|55\/100|[from] item: Leftovers
|upkeep
|turn|63
|
|t:|1748559222
|move|p2a: Ting-Lu|Stealth Rock|p1a: Hydrapple
|-sidestart|p1: DrJargo|move: Stealth Rock
|move|p1a: Hydrapple|Energy Ball|p2a: Ting-Lu
|-supereffective|p2a: Ting-Lu
|-damage|p2a: Ting-Lu|13\/100
|
|-heal|p2a: Ting-Lu|19\/100|[from] item: Leftovers
|upkeep
|turn|64
|
|t:|1748559251
|move|p2a: Ting-Lu|Spikes|p1a: Hydrapple
|-sidestart|p1: DrJargo|Spikes
|move|p1a: Hydrapple|Energy Ball|p2a: Ting-Lu
|-supereffective|p2a: Ting-Lu
|-damage|p2a: Ting-Lu|0 fnt
|faint|p2a: Ting-Lu
|
|upkeep
|
|t:|1748559254
|switch|p2a: Scizor|Scizor-Mega, M|7\/100
|turn|65
|
|t:|1748559260
|move|p2a: Scizor|Roost|p2a: Scizor
|-heal|p2a: Scizor|58\/100
|-singleturn|p2a: Scizor|move: Roost
|move|p1a: Hydrapple|Earth Power|p2a: Scizor
|-crit|p2a: Scizor
|-damage|p2a: Scizor|24\/100
|
|upkeep
|turn|66
|
|t:|1748559266
|move|p2a: Scizor|Roost|p2a: Scizor
|-heal|p2a: Scizor|74\/100
|-singleturn|p2a: Scizor|move: Roost
|move|p1a: Hydrapple|Earth Power|p2a: Scizor
|-damage|p2a: Scizor|51\/100
|
|upkeep
|turn|67
|
|t:|1748559273
|move|p2a: Scizor|Roost|p2a: Scizor
|-heal|p2a: Scizor|100\/100
|-singleturn|p2a: Scizor|move: Roost
|move|p1a: Hydrapple|Earth Power|p2a: Scizor
|-damage|p2a: Scizor|78\/100
|
|upkeep
|turn|68
|
|t:|1748559280
|move|p2a: Scizor|U-turn|p1a: Hydrapple
|-supereffective|p1a: Hydrapple
|-damage|p1a: Hydrapple|31\/100
|
|t:|1748559287
|switch|p2a: Alomomola|Alomomola, F|91\/100|[from] U-turn
|move|p1a: Hydrapple|Earth Power|p2a: Alomomola
|-damage|p2a: Alomomola|65\/100
|
|upkeep
|turn|69
|
|t:|1748559295
|move|p2a: Alomomola|Wish|p2a: Alomomola
|move|p1a: Hydrapple|Recover|p1a: Hydrapple
|-heal|p1a: Hydrapple|81\/100
|
|upkeep
|turn|70
|
|t:|1748559303
|switch|p2a: Scizor|Scizor-Mega, M|78\/100
|switch|p1a: Swellow|Swellow, M|94\/100
|-damage|p1a: Swellow|69\/100|[from] Stealth Rock
|
|-heal|p2a: Scizor|100\/100|[from] move: Wish|[wisher] Alomomola
|upkeep
|turn|71
|
|t:|1748559310
|move|p2a: Scizor|Bullet Punch|p1a: Swellow
|-damage|p1a: Swellow|16\/100
|move|p1a: Swellow|Heat Wave|p2a: Scizor
|-supereffective|p2a: Scizor
|-damage|p2a: Scizor|39\/100
|
|upkeep
|turn|72
|
|t:|1748559316
|move|p2a: Scizor|Bullet Punch|p1a: Swellow
|-damage|p1a: Swellow|0 fnt
|faint|p1a: Swellow
|
|upkeep
|
|t:|1748559318
|switch|p1a: Zeraora|Zeraora|58\/100
|-damage|p1a: Zeraora|41\/100|[from] Spikes
|-damage|p1a: Zeraora|29\/100|[from] Stealth Rock
|turn|73
|
|t:|1748559326
|move|p1a: Zeraora|Plasma Fists|p2a: Scizor
|-damage|p2a: Scizor|3\/100
|-fieldactivate|move: Ion Deluge
|-hint|Normal-type moves become Electric-type after using Plasma Fists.
|move|p2a: Scizor|Roost|p2a: Scizor
|-heal|p2a: Scizor|53\/100
|-singleturn|p2a: Scizor|move: Roost
|
|upkeep
|turn|74
|
|t:|1748559349
|move|p1a: Zeraora|Plasma Fists|p2a: Scizor
|-damage|p2a: Scizor|14\/100
|-fieldactivate|move: Ion Deluge
|-hint|Normal-type moves become Electric-type after using Plasma Fists.
|move|p2a: Scizor|U-turn|p1a: Zeraora
|-damage|p1a: Zeraora|0 fnt
|faint|p1a: Zeraora
|
|t:|1748559353
|switch|p2a: Alomomola|Alomomola, F|98\/100|[from] U-turn
|
|upkeep
|
|t:|1748559362
|switch|p1a: Hydrapple|Hydrapple, M|100\/100
|turn|75
|
|t:|1748559369
|move|p2a: Alomomola|Wish|p2a: Alomomola
|move|p1a: Hydrapple|Earth Power|p2a: Alomomola
|-damage|p2a: Alomomola|69\/100
|
|upkeep
|turn|76
|
|t:|1748559381
|move|p2a: Alomomola|Protect|p2a: Alomomola
|-singleturn|p2a: Alomomola|Protect
|move|p1a: Hydrapple|Earth Power|p2a: Alomomola
|-activate|p2a: Alomomola|move: Protect
|
|-heal|p2a: Alomomola|100\/100|[from] move: Wish|[wisher] Alomomola
|upkeep
|turn|77
|
|t:|1748559393
|move|p2a: Alomomola|Wish|p2a: Alomomola
|move|p1a: Hydrapple|Energy Ball|p2a: Alomomola
|-supereffective|p2a: Alomomola
|-damage|p2a: Alomomola|18\/100
|
|upkeep
|turn|78
|
|t:|1748559403
|move|p2a: Alomomola|Protect|p2a: Alomomola
|-singleturn|p2a: Alomomola|Protect
|move|p1a: Hydrapple|Fickle Beam|p2a: Alomomola
|-activate|p2a: Alomomola|move: Protect
|
|-heal|p2a: Alomomola|68\/100|[from] move: Wish|[wisher] Alomomola
|upkeep
|turn|79
|
|t:|1748559414
|move|p2a: Alomomola|Wish|p2a: Alomomola
|move|p1a: Hydrapple|Energy Ball|p2a: Alomomola
|-supereffective|p2a: Alomomola
|-damage|p2a: Alomomola|0 fnt
|faint|p2a: Alomomola
|
|upkeep
|
|t:|1748559416
|switch|p2a: Scizor|Scizor-Mega, M|14\/100
|turn|80
|
|t:|1748559423
|move|p2a: Scizor|Roost|p2a: Scizor
|-heal|p2a: Scizor|64\/100
|-singleturn|p2a: Scizor|move: Roost
|move|p1a: Hydrapple|Earth Power|p2a: Scizor
|-damage|p2a: Scizor|40\/100
|
|-heal|p2a: Scizor|100\/100|[from] move: Wish|[wisher] Alomomola
|upkeep
|turn|81
|
|t:|1748559434
|move|p2a: Scizor|U-turn|p1a: Hydrapple
|-supereffective|p1a: Hydrapple
|-damage|p1a: Hydrapple|47\/100
|move|p1a: Hydrapple|Fickle Beam|p2a: Scizor
|-resisted|p2a: Scizor
|-damage|p2a: Scizor|86\/100
|
|upkeep
|turn|82
|
|t:|1748559442
|switch|p1a: Arcanine|Arcanine-Hisui, M|18\/100
|-damage|p1a: Arcanine|1\/100|[from] Spikes
|-damage|p1a: Arcanine|0 fnt|[from] Stealth Rock
|faint|p1a: Arcanine
|move|p2a: Scizor|U-turn|p1: Arcanine|[notarget]
|-fail|p2a: Scizor
|
|upkeep
|
|t:|1748559444
|switch|p1a: Hydrapple|Hydrapple, M|81\/100
|turn|83
|
|t:|1748559451
|move|p2a: Scizor|U-turn|p1a: Hydrapple
|-supereffective|p1a: Hydrapple
|-damage|p1a: Hydrapple|29\/100
|move|p1a: Hydrapple|Recover|p1a: Hydrapple
|-heal|p1a: Hydrapple|79\/100
|
|upkeep
|turn|84
|
|t:|1748559457
|move|p2a: Scizor|U-turn|p1a: Hydrapple
|-supereffective|p1a: Hydrapple
|-damage|p1a: Hydrapple|26\/100
|move|p1a: Hydrapple|Fickle Beam|p2a: Scizor|[anim] Fickle Beam All Out
|-activate|p1a: Hydrapple|move: Fickle Beam
|-resisted|p2a: Scizor
|-damage|p2a: Scizor|55\/100
|
|upkeep
|turn|85
|
|t:|1748559463
|move|p2a: Scizor|U-turn|p1a: Hydrapple
|-supereffective|p1a: Hydrapple
|-damage|p1a: Hydrapple|0 fnt
|faint|p1a: Hydrapple
|
|win|Astral Rifk
|c|☆DrJargo|god I hate playing against you

</script>
</div>
<div class="battle-log battle-log-inline"><div class="inner"><div class="battle-options"></div><div class="inner message-log"><div class="chat"><small>☆DrJargo and ☆Astral Rifk joined</small></div><div class=""><small>Format:</small> <br><strong>[Gen 9] NatDex Draft</strong></div><div class=""><small><em>Sleep Clause Mod:</em> Limit one foe put to sleep</small></div><div class=""><small><em>OHKO Clause:</em> OHKO moves are banned</small></div><div class=""><small><em>Evasion Clause:</em> Evasion abilities, items, and moves are banned</small></div><div class=""><small><em>Evasion Abilities Clause:</em> Evasion abilities are banned</small></div><div class=""><small><em>Evasion Items Clause:</em> Evasion items are banned</small></div><div class=""><small><em>Evasion Moves Clause:</em> Evasion moves are banned</small></div><div class=""><small><em>Endless Battle Clause:</em> Forcing endless battles is banned</small></div><div class=""><small><em>HP Percentage Mod:</em> HP is shown in percentages</small></div><div class="chat battle-history"><strong>DrJargo's team:</strong> <em style="color:#445566;display:block;">Arcanine-Hisui / Nidoqueen / Zeraora / Iron Valiant / Swellow / Hydrapple</em></div><div class="chat battle-history"><strong>Astral Rifk's team:</strong> <em style="color:#445566;display:block;">Alomomola / Scizor / Arboliva / Pecharunt / Moltres / Ting-Lu</em></div><div class="spacer battle-history"><br></div><div class="battle-history">Battle started between DrJargo and Astral Rifk!<br></div><div class="spacer battle-history"><br></div><div class="battle-history">Go! <strong>Hydrapple</strong>!<br></div><div class="spacer battle-history"><br></div><div class="battle-history">Astral Rifk sent out <strong>Pecharunt</strong>!<br></div><div class="spacer battle-history"><br></div><h2 class="battle-history">Turn 1</h2><div class="spacer battle-history"><br></div><div class="battle-history">The opposing Pecharunt used <strong>Sludge Bomb</strong>!<br></div><div class="battle-history"><small>It's super effective!</small><br></div><div class="battle-history"><small>(Hydrapple lost 60% of its health!)</small><br></div><div class="spacer battle-history"><br></div><div class="battle-history">Hydrapple used <strong>Earth Power</strong>!<br></div><div class="battle-history"><small>It's super effective!</small><br></div><div class="battle-history"><small>(The opposing Pecharunt lost 60% of its health!)</small><br></div><div class="spacer battle-history"><br></div><h2 class="battle-history">Turn 2</h2><div class="spacer battle-history"><br></div><div class="battle-history">Hydrapple, come back!<br></div><div class="battle-history">Go! <strong>Nidoqueen</strong>!<br></div><div class="spacer battle-history"><br></div><div class="battle-history">The opposing Pecharunt used <strong>Parting Shot</strong>!<br></div><div class="battle-history"><small>Nidoqueen's Attack fell!</small><br></div><div class="battle-history"><small>Nidoqueen's Sp. Atk fell!</small><br></div><div class="spacer battle-history"><br></div><div class="battle-history">The opposing Pecharunt went back to Astral Rifk!<br></div><div class="battle-history">Astral Rifk sent out <strong>Ting-Lu</strong>!<br></div><div class="battle-history">[The opposing Ting-Lu's Vessel of Ruin]<br><small>The opposing Ting-Lu's Vessel of Ruin weakened the Sp. Atk of all surrounding Pokémon!</small><br></div><div class="spacer battle-history"><br></div><h2 class="battle-history">Turn 3</h2><div class="spacer battle-history"><br></div><div class="battle-history">Nidoqueen, come back!<br></div><div class="battle-history">Go! <strong>Hydrapple</strong>!<br></div><div class="spacer battle-history"><br></div><div class="battle-history">The opposing Ting-Lu used <strong>Earthquake</strong>!<br></div><div class="battle-history"><small>It's not very effective...</small><br></div><div class="battle-history"><small>(Hydrapple lost 14% of its health!)</small><br></div><div class="spacer battle-history"><br></div><h2 class="battle-history">Turn 4</h2><div class="spacer battle-history"><br></div><div class="battle-history">Astral Rifk withdrew Ting-Lu!<br></div><div class="battle-history">Astral Rifk sent out <strong>Scizor</strong>!<br></div><div class="spacer battle-history"><br></div><div class="battle-history">Hydrapple used <strong>Recover</strong>!<br></div><div class="battle-history"><small>Hydrapple had its HP restored.</small><br></div><div class="spacer battle-history"><br></div><h2 class="battle-history">Turn 5</h2><div class="spacer battle-history"><br></div><div class="battle-history"><small>The opposing Scizor's Scizorite is reacting to the Key Stone!</small><br>The opposing Scizor has Mega Evolved into Mega Scizor!<br></div><div class="spacer battle-history"><br></div><div class="battle-history">The opposing Scizor used <strong>Sand Tomb</strong>!<br></div><div class="battle-history"><small>It's not very effective...</small><br></div><div class="battle-history"><small>(Hydrapple lost 5% of its health!)</small><br></div><div class="battle-history"><small>Hydrapple became trapped by the quicksand!</small><br></div><div class="spacer battle-history"><br></div><div class="battle-history">Hydrapple used <strong>Earth Power</strong>!<br></div><div class="battle-history"><small>(The opposing Scizor lost 23% of its health!)</small><br></div><div class="spacer battle-history"><br></div><div class="battle-history"><small>Hydrapple is hurt by Sand Tomb!</small><br></div><div class="spacer battle-history"><br></div><h2 class="battle-history">Turn 6</h2><div class="spacer battle-history"><br></div><div class="battle-history">The opposing Scizor used <strong>U-turn</strong>!<br></div><div class="battle-history"><small>It's super effective!</small><br></div><div class="battle-history"><small>(Hydrapple lost 48% of its health!)</small><br></div><div class="spacer battle-history"><br></div><div class="battle-history">The opposing Scizor went back to Astral Rifk!<br></div><div class="battle-history">Astral Rifk sent out <strong>Arboliva</strong>!<br></div><div class="spacer battle-history"><br></div><div class="battle-history">Hydrapple used <strong>Earth Power</strong>!<br></div><div class="battle-history"><small>It's not very effective...</small><br></div><div class="battle-history"><small>(The opposing Arboliva lost 10% of its health!)</small><br></div><div class="battle-history"><small>The opposing Arboliva's Sp. Def fell!</small><br></div><div class="battle-history">[The opposing Arboliva's Seed Sower]<br><small>Grass grew to cover the battlefield!</small><br></div><div class="spacer battle-history"><br></div><div class="battle-history"><small>Hydrapple's HP was restored.</small><br></div><div class="battle-history"><small>The opposing Arboliva's HP was restored.</small><br></div><div class="spacer battle-history"><br></div><h2 class="battle-history">Turn 7</h2><div class="spacer battle-history"><br></div><div class="battle-history">Hydrapple, come back!<br></div><div class="battle-history">Go! <strong>Nidoqueen</strong>!<br></div><div class="spacer battle-history"><br></div><div class="battle-history">The opposing Arboliva used <strong>Earth Power</strong>!<br></div><div class="battle-history"><small>It's super effective!</small><br></div><div class="battle-history"><small>A critical hit!</small><br></div><div class="battle-history"><small>(Nidoqueen lost 86% of its health!)</small><br></div><div class="spacer battle-history"><br></div><div class="battle-history"><small>Nidoqueen's HP was restored.</small><br></div><div class="battle-history"><small>The opposing Arboliva's HP was restored.</small><br></div><div class="spacer battle-history"><br></div><h2 class="battle-history">Turn 8</h2><div class="spacer battle-history"><br></div><div class="battle-history">Astral Rifk withdrew Arboliva!<br></div><div class="battle-history">Astral Rifk sent out <strong>Ting-Lu</strong>!<br></div><div class="battle-history">[The opposing Ting-Lu's Vessel of Ruin]<br><small>The opposing Ting-Lu's Vessel of Ruin weakened the Sp. Atk of all surrounding Pokémon!</small><br></div><div class="spacer battle-history"><br></div><div class="battle-history">Nidoqueen used <strong>Poison Jab</strong>!<br></div><div class="battle-history"><small>It's not very effective...</small><br></div><div class="battle-history"><small>(The opposing Ting-Lu lost 16% of its health!)</small><br></div><div class="spacer battle-history"><br></div><div class="battle-history"><small>Nidoqueen's HP was restored.</small><br></div><div class="battle-history"><small>The opposing Ting-Lu's HP was restored.</small><br></div><div class="battle-history"><small>The opposing Ting-Lu restored a little HP using its Leftovers!</small><br></div><div class="spacer battle-history"><br></div><h2 class="battle-history">Turn 9</h2><div class="spacer battle-history"><br></div><div class="battle-history">Nidoqueen, come back!<br></div><div class="battle-history">Go! <strong>Hydrapple</strong>!<br></div><div class="spacer battle-history"><br></div><div class="battle-history">The opposing Ting-Lu used <strong>Spikes</strong>!<br></div><div class="battle-history"><small>Spikes were scattered on the ground all around your team!</small><br></div><div class="spacer battle-history"><br></div><div class="battle-history"><small>The opposing Ting-Lu's HP was restored.</small><br></div><div class="battle-history"><small>Hydrapple's HP was restored.</small><br></div><div class="spacer battle-history"><br></div><h2 class="battle-history">Turn 10</h2><div class="spacer battle-history"><br></div><div class="battle-history">Astral Rifk withdrew Ting-Lu!<br></div><div class="battle-history">Astral Rifk sent out Scizor (<strong>Scizor-Mega</strong>)!<br></div><div class="spacer battle-history"><br></div><div class="battle-history">Hydrapple used <strong>Fickle Beam</strong>!<br></div><div class="battle-history"><small>It's not very effective...</small><br></div><div class="battle-history"><small>(The opposing Scizor lost 16% of its health!)</small><br></div><div class="spacer battle-history"><br></div><div class="battle-history"><small>The opposing Scizor's HP was restored.</small><br></div><div class="battle-history"><small>Hydrapple's HP was restored.</small><br></div><div class="battle-history"><small>The grass disappeared from the battlefield.</small><br></div><div class="spacer battle-history"><br></div><h2 class="battle-history">Turn 11</h2><div class="spacer battle-history"><br></div><div class="battle-history">The opposing Scizor used <strong>Roost</strong>!<br></div><div class="battle-history"><small>The opposing Scizor had its HP restored.</small><br></div><div class="spacer battle-history"><br></div><div class="battle-history">Hydrapple used <strong>Earth Power</strong>!<br></div><div class="battle-history"><small>(The opposing Scizor lost 25% of its health!)</small><br></div><div class="spacer battle-history"><br></div><h2 class="battle-history">Turn 12</h2><div class="spacer battle-history"><br></div><div class="battle-history">The opposing Scizor used <strong>U-turn</strong>!<br></div><div class="battle-history"><small>It's super effective!</small><br></div><div class="battle-history"><small>(Hydrapple lost 56% of its health!)</small><br></div><div class="spacer battle-history"><br></div><div class="battle-history">The opposing Scizor went back to Astral Rifk!<br></div><div class="battle-history">Astral Rifk sent out <strong>Moltres</strong>!<br></div><div class="spacer battle-history"><br></div><div class="battle-history">Hydrapple used <strong>Earth Power</strong>!<br></div><div class="battle-history"><small>It doesn't affect the opposing Moltres...</small><br></div><div class="spacer battle-history"><br></div><h2 class="battle-history">Turn 13</h2><div class="spacer battle-history"><br></div><div class="battle-history">Hydrapple, come back!<br></div><div class="battle-history">Go! <strong>Nidoqueen</strong>!<br></div><div class="battle-history"><small>Nidoqueen was hurt by the spikes!</small><br></div><div class="spacer battle-history"><br></div><div class="battle-history">The opposing Moltres used <strong>Scorching Sands</strong>!<br></div><div class="battle-history"><small>It's super effective!</small><br></div><div class="battle-history"><small>(Nidoqueen lost 14% of its health!)</small><br></div><div class="spacer battle-history"><br></div><div class="battle-history">Nidoqueen fainted!<br></div><div class="spacer battle-history"><br></div><div class="battle-history">Go! Arcanine (<strong>Arcanine-Hisui</strong>)!<br></div><div class="battle-history"><small>Arcanine was hurt by the spikes!</small><br></div><div class="spacer battle-history"><br></div><h2 class="battle-history">Turn 14</h2><div class="spacer battle-history"><br></div><div class="battle-history">Astral Rifk withdrew Moltres!<br></div><div class="battle-history">Astral Rifk sent out <strong>Alomomola</strong>!<br></div><div class="spacer battle-history"><br></div><div class="battle-history">Arcanine used <strong>Head Smash</strong>!<br></div><div class="battle-history"><small>The opposing Alomomola avoided the attack!</small><br></div><div class="spacer battle-history"><br></div><h2 class="battle-history">Turn 15</h2><div class="chat chatmessage-astralrifk"><strong style="color:#32a512"><small class="groupsymbol">☆</small><span class="username">Astral Rifk</span>:</strong> <em>mb if thats band</em></div><div class="spacer battle-history"><br></div><div class="battle-history">Arcanine, come back!<br></div><div class="battle-history">Go! <strong>Hydrapple</strong>!<br></div><div class="spacer battle-history"><br></div><div class="battle-history">The opposing Alomomola used <strong>Wish</strong>!<br></div><div class="spacer battle-history"><br></div><h2 class="battle-history">Turn 16</h2><div class="spacer battle-history"><br></div><div class="battle-history">Astral Rifk withdrew Alomomola!<br></div><div class="battle-history">Astral Rifk sent out Scizor (<strong>Scizor-Mega</strong>)!<br></div><div class="spacer battle-history"><br></div><div class="battle-history">Hydrapple used <strong>Recover</strong>!<br></div><div class="battle-history"><small>Hydrapple had its HP restored.</small><br></div><div class="spacer battle-history"><br></div><div class="battle-history"><small>Alomomola's wish came true!</small><br></div><div class="spacer battle-history"><br></div><h2 class="battle-history">Turn 17</h2><div class="spacer battle-history"><br></div><div class="battle-history">Hydrapple, come back!<br></div><div class="battle-history">Go! <strong>Swellow</strong>!<br></div><div class="spacer battle-history"><br></div><div class="battle-history">The opposing Scizor used <strong>Bullet Punch</strong>!<br></div><div class="battle-history"><small>(Swellow lost 56% of its health!)</small><br></div><div class="spacer battle-history"><br></div><h2 class="battle-history">Turn 18</h2><div class="chat chatmessage-drjargo"><strong style="color:#ab9733"><small class="groupsymbol">☆</small><span class="username">DrJargo</span>:</strong> <em>ur cheating</em></div><div class="spacer battle-history"><br></div><div class="battle-history">Swellow, come back!<br></div><div class="battle-history">Go! <strong>Hydrapple</strong>!<br></div><div class="spacer battle-history"><br></div><div class="battle-history">The opposing Scizor used <strong>Bullet Punch</strong>!<br></div><div class="battle-history"><small>(Hydrapple lost 24% of its health!)</small><br></div><div class="spacer battle-history"><br></div><h2 class="battle-history">Turn 19</h2><div class="spacer battle-history"><br></div><div class="battle-history">The opposing Scizor used <strong>U-turn</strong>!<br></div><div class="battle-history"><small>It's super effective!</small><br></div><div class="battle-history"><small>(Hydrapple lost 53% of its health!)</small><br></div><div class="spacer battle-history"><br></div><div class="battle-history">The opposing Scizor went back to Astral Rifk!<br></div><div class="battle-history">Astral Rifk sent out <strong>Moltres</strong>!<br></div><div class="spacer battle-history"><br></div><div class="battle-history">Hydrapple used <strong>Recover</strong>!<br></div><div class="battle-history"><small>Hydrapple had its HP restored.</small><br></div><div class="spacer battle-history"><br></div><h2 class="battle-history">Turn 20</h2><div class="spacer battle-history"><br></div><div class="battle-history">Hydrapple, come back!<br></div><div class="battle-history">Go! Arcanine (<strong>Arcanine-Hisui</strong>)!<br></div><div class="battle-history"><small>Arcanine was hurt by the spikes!</small><br></div><div class="spacer battle-history"><br></div><div class="battle-history">The opposing Moltres used <strong>Roar</strong>!<br></div><div class="spacer battle-history"><br></div><div class="battle-history"><strong>Zeraora</strong> was dragged out!<br></div><div class="battle-history"><small>Zeraora floats in the air with its Air Balloon!</small><br></div><div class="spacer battle-history"><br></div><h2 class="battle-history">Turn 21</h2><div class="spacer battle-history"><br></div><div class="battle-history">Zeraora used <strong>Grass Knot</strong>!<br></div><div class="battle-history"><small>It's not very effective...</small><br></div><div class="battle-history"><small>(The opposing Moltres lost 3% of its health!)</small><br></div><div class="spacer battle-history"><br></div><div class="battle-history">The opposing Moltres used <strong>Roar</strong>!<br></div><div class="spacer battle-history"><br></div><div class="battle-history">Arcanine (<strong>Arcanine-Hisui</strong>) was dragged out!<br></div><div class="battle-history"><small>Arcanine was hurt by the spikes!</small><br></div><div class="spacer battle-history"><br></div><h2 class="battle-history">Turn 22</h2><div class="chat"><small> psydomia joined</small></div><div class="chat chatmessage-astralrifk"><strong style="color:#32a512"><small class="groupsymbol">☆</small><span class="username">Astral Rifk</span>:</strong> <em>ah ic</em></div><div class="spacer battle-history"><br></div><div class="battle-history">Astral Rifk withdrew Moltres!<br></div><div class="battle-history">Astral Rifk sent out <strong>Alomomola</strong>!<br></div><div class="spacer battle-history"><br></div><div class="battle-history">Arcanine used <strong>Head Smash</strong>!<br></div><div class="battle-history"><small>(The opposing Alomomola lost 52% of its health!)</small><br></div><div class="spacer battle-history"><br></div><h2 class="battle-history">Turn 23</h2><div class="chat"><small> psydomia left</small></div><div class="spacer battle-history"><br></div><div class="battle-history">Astral Rifk withdrew Alomomola!<br></div><div class="battle-history">Astral Rifk sent out <strong>Ting-Lu</strong>!<br></div><div class="battle-history">[The opposing Ting-Lu's Vessel of Ruin]<br><small>The opposing Ting-Lu's Vessel of Ruin weakened the Sp. Atk of all surrounding Pokémon!</small><br></div><div class="spacer battle-history"><br></div><div class="battle-history">Arcanine used <strong>Head Smash</strong>!<br></div><div class="battle-history"><small>It's not very effective...</small><br></div><div class="battle-history"><small>(The opposing Ting-Lu lost 20% of its health!)</small><br></div><div class="spacer battle-history"><br></div><div class="battle-history"><small>The opposing Ting-Lu restored a little HP using its Leftovers!</small><br></div><div class="spacer battle-history"><br></div><h2 class="battle-history">Turn 24</h2><div class="spacer battle-history"><br></div><div class="battle-history">Arcanine, come back!<br></div><div class="battle-history">Go! <strong>Swellow</strong>!<br></div><div class="spacer battle-history"><br></div><div class="battle-history">The opposing Ting-Lu used <strong>Stealth Rock</strong>!<br></div><div class="battle-history"><small>Pointed stones float in the air around your team!</small><br></div><div class="spacer battle-history"><br></div><div class="battle-history"><small>The opposing Ting-Lu restored a little HP using its Leftovers!</small><br></div><div class="spacer battle-history"><br></div><h2 class="battle-history">Turn 25</h2><div class="spacer battle-history"><br></div><div class="battle-history">Swellow used <strong>Defog</strong>!<br></div><div class="battle-history"><small>The opposing Ting-Lu's evasiveness fell!</small><br></div><div class="battle-history"><small>The spikes disappeared from the ground around your team!</small><br></div><div class="battle-history"><small>The pointed stones disappeared from around your team!</small><br></div><div class="spacer battle-history"><br></div><div class="battle-history">The opposing Ting-Lu used <strong>Whirlwind</strong>!<br></div><div class="spacer battle-history"><br></div><div class="battle-history">Arcanine (<strong>Arcanine-Hisui</strong>) was dragged out!<br></div><div class="spacer battle-history"><br></div><div class="battle-history"><small>The opposing Ting-Lu restored a little HP using its Leftovers!</small><br></div><div class="spacer battle-history"><br></div><h2 class="battle-history">Turn 26</h2><div class="spacer battle-history"><br></div><div class="battle-history">Arcanine, come back!<br></div><div class="battle-history">Go! <strong>Swellow</strong>!<br></div><div class="spacer battle-history"><br></div><div class="battle-history">Astral Rifk withdrew Ting-Lu!<br></div><div class="battle-history">Astral Rifk sent out <strong>Alomomola</strong>!<br></div><div class="spacer battle-history"><br></div><h2 class="battle-history">Turn 27</h2><div class="spacer battle-history"><br></div><div class="battle-history">The opposing Alomomola used <strong>Protect</strong>!<br></div><div class="battle-history"><small>The opposing Alomomola protected itself!</small><br></div><div class="spacer battle-history"><br></div><div class="battle-history">Swellow used <strong>Roost</strong>!<br></div><div class="battle-history"><small>Swellow had its HP restored.</small><br></div><div class="battle-history"><small>(Swellow loses Flying type this turn.)</small><br></div><div class="spacer battle-history"><br></div><h2 class="battle-history">Turn 28</h2><div class="spacer battle-history"><br></div><div class="battle-history">Swellow, come back!<br></div><div class="battle-history">Go! <strong>Hydrapple</strong>!<br></div><div class="spacer battle-history"><br></div><div class="battle-history">The opposing Alomomola used <strong>Flip Turn</strong>!<br></div><div class="battle-history"><small>It's not very effective...</small><br></div><div class="battle-history"><small>(Hydrapple lost 2% of its health!)</small><br></div><div class="spacer battle-history"><br></div><div class="battle-history">The opposing Alomomola went back to Astral Rifk!<br></div><div class="battle-history">Astral Rifk sent out Scizor (<strong>Scizor-Mega</strong>)!<br></div><div class="spacer battle-history"><br></div><h2 class="battle-history">Turn 29</h2><div class="spacer battle-history"><br></div><div class="battle-history">The opposing Scizor used <strong>Bullet Punch</strong>!<br></div><div class="battle-history"><small>(Hydrapple lost 23% of its health!)</small><br></div><div class="spacer battle-history"><br></div><div class="battle-history">Hydrapple used <strong>Earth Power</strong>!<br></div><div class="battle-history"><small>(The opposing Scizor lost 23% of its health!)</small><br></div><div class="spacer battle-history"><br></div><h2 class="battle-history">Turn 30</h2><div class="spacer battle-history"><br></div><div class="battle-history">The opposing Scizor used <strong>U-turn</strong>!<br></div><div class="battle-history"><small>It's super effective!</small><br></div><div class="battle-history"><small>(Hydrapple lost 48% of its health!)</small><br></div><div class="spacer battle-history"><br></div><div class="battle-history">The opposing Scizor went back to Astral Rifk!<br></div><div class="battle-history">Astral Rifk sent out <strong>Moltres</strong>!<br></div><div class="spacer battle-history"><br></div><div class="battle-history">Hydrapple used <strong>Recover</strong>!<br></div><div class="battle-history"><small>Hydrapple had its HP restored.</small><br></div><div class="spacer battle-history"><br></div><h2 class="battle-history">Turn 31</h2><div class="spacer battle-history"><br></div><div class="battle-history">The opposing Moltres used <strong>Flamethrower</strong>!<br></div><div class="battle-history"><small>(Hydrapple lost 39% of its health!)</small><br></div><div class="spacer battle-history"><br></div><div class="battle-history">Hydrapple used <strong>Fickle Beam</strong>!<br></div><div class="battle-history"><small>Hydrapple is going all out for this attack!</small><br></div><div class="battle-history"><small>(The opposing Moltres lost 59% of its health!)</small><br></div><div class="spacer battle-history"><br></div><h2 class="battle-history">Turn 32</h2><div class="spacer battle-history"><br></div><div class="battle-history">Hydrapple, come back!<br></div><div class="battle-history">Go! <strong>Zeraora</strong>!<br></div><div class="battle-history"><small>Zeraora floats in the air with its Air Balloon!</small><br></div><div class="spacer battle-history"><br></div><div class="battle-history">The opposing Moltres used <strong>Flamethrower</strong>!<br></div><div class="battle-history"><small>(Zeraora lost 48% of its health!)</small><br></div><div class="battle-history"><small>Zeraora's Air Balloon popped!</small><br></div><div class="spacer battle-history"><br></div><h2 class="battle-history">Turn 33</h2><div class="spacer battle-history"><br></div><div class="battle-history">Astral Rifk withdrew Moltres!<br></div><div class="battle-history">Astral Rifk sent out <strong>Arboliva</strong>!<br></div><div class="spacer battle-history"><br></div><div class="battle-history">Zeraora used <strong>Volt Switch</strong>!<br></div><div class="battle-history"><small>It's not very effective...</small><br></div><div class="battle-history"><small>(The opposing Arboliva lost 9% of its health!)</small><br></div><div class="battle-history">[The opposing Arboliva's Seed Sower]<br><small>Grass grew to cover the battlefield!</small><br></div><div class="spacer battle-history"><br></div><div class="battle-history">Zeraora went back to DrJargo!<br></div><div class="battle-history">Go! <strong>Swellow</strong>!<br></div><div class="spacer battle-history"><br></div><div class="battle-history"><small>The opposing Arboliva's HP was restored.</small><br></div><div class="spacer battle-history"><br></div><h2 class="battle-history">Turn 34</h2><div class="spacer battle-history"><br></div><div class="battle-history">Astral Rifk withdrew Arboliva!<br></div><div class="battle-history">Astral Rifk sent out <strong>Alomomola</strong>!<br></div><div class="spacer battle-history"><br></div><div class="battle-history">Swellow used <strong>Boomburst</strong>!<br></div><div class="battle-history"><small>(The opposing Alomomola lost 46% of its health!)</small><br></div><div class="spacer battle-history"><br></div><div class="battle-history"><small>The opposing Alomomola's HP was restored.</small><br></div><div class="spacer battle-history"><br></div><h2 class="battle-history">Turn 35</h2><div class="spacer battle-history"><br></div><div class="battle-history">Swellow used <strong>Boomburst</strong>!<br></div><div class="battle-history"><small>(The opposing Alomomola lost 46% of its health!)</small><br></div><div class="spacer battle-history"><br></div><div class="battle-history">The opposing Alomomola used <strong>Wish</strong>!<br></div><div class="spacer battle-history"><br></div><div class="battle-history"><small>The opposing Alomomola's HP was restored.</small><br></div><div class="spacer battle-history"><br></div><h2 class="battle-history">Turn 36</h2><div class="chat"><small> you kill boys joined</small></div><div class="spacer battle-history"><br></div><div class="battle-history">Astral Rifk withdrew Alomomola!<br></div><div class="battle-history">Astral Rifk sent out <strong>Ting-Lu</strong>!<br></div><div class="battle-history">[The opposing Ting-Lu's Vessel of Ruin]<br><small>The opposing Ting-Lu's Vessel of Ruin weakened the Sp. Atk of all surrounding Pokémon!</small><br></div><div class="spacer battle-history"><br></div><div class="battle-history">Swellow used <strong>Boomburst</strong>!<br></div><div class="battle-history"><small>(The opposing Ting-Lu lost 24% of its health!)</small><br></div><div class="spacer battle-history"><br></div><div class="battle-history"><small>Alomomola's wish came true!</small><br></div><div class="spacer battle-history"><br></div><h2 class="battle-history">Turn 37</h2><div class="spacer battle-history"><br></div><div class="battle-history">Swellow, come back!<br></div><div class="battle-history">Go! <strong>Hydrapple</strong>!<br></div><div class="spacer battle-history"><br></div><div class="battle-history">The opposing Ting-Lu used <strong>Whirlwind</strong>!<br></div><div class="spacer battle-history"><br></div><div class="battle-history"><strong>Zeraora</strong> was dragged out!<br></div><div class="spacer battle-history"><br></div><div class="battle-history"><small>Zeraora's HP was restored.</small><br></div><div class="battle-history"><small>The grass disappeared from the battlefield.</small><br></div><div class="spacer battle-history"><br></div><h2 class="battle-history">Turn 38</h2><div class="spacer battle-history"><br></div><div class="battle-history">Zeraora, come back!<br></div><div class="battle-history">Go! <strong>Hydrapple</strong>!<br></div><div class="spacer battle-history"><br></div><div class="battle-history">Astral Rifk withdrew Ting-Lu!<br></div><div class="battle-history">Astral Rifk sent out <strong>Arboliva</strong>!<br></div><div class="spacer battle-history"><br></div><h2 class="battle-history">Turn 39</h2><div class="spacer battle-history"><br></div><div class="battle-history">Astral Rifk withdrew Arboliva!<br></div><div class="battle-history">Astral Rifk sent out Scizor (<strong>Scizor-Mega</strong>)!<br></div><div class="spacer battle-history"><br></div><div class="battle-history">Hydrapple used <strong>Fickle Beam</strong>!<br></div><div class="battle-history"><small>It's not very effective...</small><br></div><div class="battle-history"><small>(The opposing Scizor lost 15% of its health!)</small><br></div><div class="spacer battle-history"><br></div><h2 class="battle-history">Turn 40</h2><div class="spacer battle-history"><br></div><div class="battle-history">Hydrapple, come back!<br></div><div class="battle-history">Go! Arcanine (<strong>Arcanine-Hisui</strong>)!<br></div><div class="spacer battle-history"><br></div><div class="battle-history">The opposing Scizor used <strong>Roost</strong>!<br></div><div class="battle-history"><small>The opposing Scizor had its HP restored.</small><br></div><div class="spacer battle-history"><br></div><h2 class="battle-history">Turn 41</h2><div class="spacer battle-history"><br></div><div class="battle-history">Astral Rifk withdrew Scizor!<br></div><div class="battle-history">Astral Rifk sent out <strong>Pecharunt</strong>!<br></div><div class="spacer battle-history"><br></div><div class="battle-history">Arcanine used <strong>Flare Blitz</strong>!<br></div><div class="battle-history"><small>(The opposing Pecharunt lost 30% of its health!)</small><br></div><div class="battle-history"><small>Arcanine was hurt by the Rocky Helmet!</small><br></div><div class="spacer battle-history"><br></div><h2 class="battle-history">Turn 42</h2><div class="spacer battle-history"><br></div><div class="battle-history">Arcanine used <strong>Flare Blitz</strong>!<br></div><div class="battle-history"><small>(The opposing Pecharunt lost 10% of its health!)</small><br></div><div class="battle-history"><small>Arcanine was hurt by the Rocky Helmet!</small><br></div><div class="spacer battle-history"><br></div><div class="battle-history">The opposing Pecharunt fainted!<br></div><div class="spacer battle-history"><br></div><div class="battle-history">Astral Rifk sent out <strong>Alomomola</strong>!<br></div><div class="spacer battle-history"><br></div><h2 class="battle-history">Turn 43</h2><div class="spacer battle-history"><br></div><div class="battle-history">Arcanine, come back!<br></div><div class="battle-history">Go! <strong>Iron Valiant</strong>!<br></div><div class="spacer battle-history"><br></div><div class="battle-history">The opposing Alomomola used <strong>Scald</strong>!<br></div><div class="battle-history"><small>(Iron Valiant lost 27% of its health!)</small><br></div><div class="spacer battle-history"><br></div><h2 class="battle-history">Turn 44</h2><div class="spacer battle-history"><br></div><div class="battle-history">The opposing Alomomola used <strong>Protect</strong>!<br></div><div class="battle-history"><small>The opposing Alomomola protected itself!</small><br></div><div class="spacer battle-history"><br></div><div class="battle-history">Iron Valiant used <strong>Thunderbolt</strong>!<br></div><div class="battle-history"><small>The opposing Alomomola protected itself!</small><br></div><div class="spacer battle-history"><br></div><h2 class="battle-history">Turn 45</h2><div class="spacer battle-history"><br></div><div class="battle-history">Astral Rifk withdrew Alomomola!<br></div><div class="battle-history">Astral Rifk sent out <strong>Arboliva</strong>!<br></div><div class="spacer battle-history"><br></div><div class="battle-history">Iron Valiant used <strong>Moonblast</strong>!<br></div><div class="battle-history"><small>(The opposing Arboliva lost 29% of its health!)</small><br></div><div class="battle-history">[The opposing Arboliva's Seed Sower]<br><small>Grass grew to cover the battlefield!</small><br></div><div class="spacer battle-history"><br></div><div class="battle-history"><small>Iron Valiant's HP was restored.</small><br></div><div class="battle-history"><small>The opposing Arboliva's HP was restored.</small><br></div><div class="spacer battle-history"><br></div><h2 class="battle-history">Turn 46</h2><div class="spacer battle-history"><br></div><div class="battle-history">Astral Rifk withdrew Arboliva!<br></div><div class="battle-history">Astral Rifk sent out <strong>Moltres</strong>!<br></div><div class="spacer battle-history"><br></div><div class="battle-history">Iron Valiant used <strong>Fire Punch</strong>!<br></div><div class="battle-history"><small>It's not very effective...</small><br></div><div class="battle-history"><small>(The opposing Moltres lost 11% of its health!)</small><br></div><div class="spacer battle-history"><br></div><div class="battle-history"><small>Iron Valiant's HP was restored.</small><br></div><div class="spacer battle-history"><br></div><h2 class="battle-history">Turn 47</h2><div class="spacer battle-history"><br></div><div class="battle-history">Iron Valiant used <strong>Thunderbolt</strong>!<br></div><div class="battle-history"><small>It's super effective!</small><br></div><div class="battle-history"><small>(The opposing Moltres lost 27% of its health!)</small><br></div><div class="spacer battle-history"><br></div><div class="battle-history">The opposing Moltres fainted!<br></div><div class="spacer battle-history"><br></div><div class="battle-history"><small>Iron Valiant's HP was restored.</small><br></div><div class="chat chatmessage-astralrifk"><strong style="color:#32a512"><small class="groupsymbol">☆</small><span class="username">Astral Rifk</span>:</strong> <em>yeah shouldve just attacked</em></div><div class="spacer battle-history"><br></div><div class="battle-history">Astral Rifk sent out Scizor (<strong>Scizor-Mega</strong>)!<br></div><div class="spacer battle-history"><br></div><h2 class="battle-history">Turn 48</h2><div class="spacer battle-history"><br></div><div class="battle-history">The opposing Scizor used <strong>Bullet Punch</strong>!<br></div><div class="battle-history"><small>It's super effective!</small><br></div><div class="battle-history"><small>(Iron Valiant lost 71% of its health!)</small><br></div><div class="spacer battle-history"><br></div><div class="battle-history">Iron Valiant used <strong>Fire Punch</strong>!<br></div><div class="battle-history"><small>It's super effective!</small><br></div><div class="battle-history"><small>(The opposing Scizor lost 75% of its health!)</small><br></div><div class="spacer battle-history"><br></div><div class="battle-history"><small>Iron Valiant's HP was restored.</small><br></div><div class="battle-history"><small>The opposing Scizor's HP was restored.</small><br></div><div class="spacer battle-history"><br></div><h2 class="battle-history">Turn 49</h2><div class="spacer battle-history"><br></div><div class="battle-history">The opposing Scizor used <strong>Bullet Punch</strong>!<br></div><div class="battle-history"><small>It's super effective!</small><br></div><div class="battle-history"><small>(Iron Valiant lost 27% of its health!)</small><br></div><div class="spacer battle-history"><br></div><div class="battle-history">Iron Valiant fainted!<br></div><div class="spacer battle-history"><br></div><div class="battle-history"><small>The opposing Scizor's HP was restored.</small><br></div><div class="battle-history"><small>The grass disappeared from the battlefield.</small><br></div><div class="spacer battle-history"><br></div><div class="battle-history">Go! <strong>Zeraora</strong>!<br></div><div class="spacer battle-history"><br></div><h2 class="battle-history">Turn 50</h2><div class="spacer battle-history"><br></div><div class="battle-history">Astral Rifk withdrew Scizor!<br></div><div class="battle-history">Astral Rifk sent out <strong>Arboliva</strong>!<br></div><div class="spacer battle-history"><br></div><div class="battle-history">Zeraora used <strong>Plasma Fists</strong>!<br></div><div class="battle-history"><small>It's not very effective...</small><br></div><div class="battle-history"><small>(The opposing Arboliva lost 25% of its health!)</small><br></div><div class="battle-history"><small>A deluge of ions showers the battlefield!</small><br></div><div class="battle-history"><small>(Normal-type moves become Electric-type after using Plasma Fists.)</small><br></div><div class="battle-history">[The opposing Arboliva's Seed Sower]<br><small>Grass grew to cover the battlefield!</small><br></div><div class="spacer battle-history"><br></div><div class="battle-history"><small>Zeraora's HP was restored.</small><br></div><div class="battle-history"><small>The opposing Arboliva's HP was restored.</small><br></div><div class="spacer battle-history"><br></div><h2 class="battle-history">Turn 51</h2><div class="spacer battle-history"><br></div><div class="battle-history">Zeraora used <strong>Acrobatics</strong>!<br></div><div class="battle-history"><small>It's super effective!</small><br></div><div class="battle-history"><small>(The opposing Arboliva lost 55% of its health!)</small><br></div><div class="spacer battle-history"><br></div><div class="battle-history">The opposing Arboliva fainted!<br></div><div class="spacer battle-history"><br></div><div class="battle-history"><small>Zeraora's HP was restored.</small><br></div><div class="chat chatmessage-astralrifk"><strong style="color:#32a512"><small class="groupsymbol">☆</small><span class="username">Astral Rifk</span>:</strong> <em>yeah shouldve just been urshi last</em></div><div class="chat chatmessage-drjargo"><strong style="color:#ab9733"><small class="groupsymbol">☆</small><span class="username">DrJargo</span>:</strong> <em>urshi doesnt fit with stall tho</em></div><div class="chat chatmessage-astralrifk"><strong style="color:#32a512"><small class="groupsymbol">☆</small><span class="username">Astral Rifk</span>:</strong> <em>i mean it still beat you up</em></div><div class="spacer battle-history"><br></div><div class="battle-history">Astral Rifk sent out <strong>Ting-Lu</strong>!<br></div><div class="battle-history">[The opposing Ting-Lu's Vessel of Ruin]<br><small>The opposing Ting-Lu's Vessel of Ruin weakened the Sp. Atk of all surrounding Pokémon!</small><br></div><div class="spacer battle-history"><br></div><h2 class="battle-history">Turn 52</h2><div class="chat chatmessage-drjargo"><strong style="color:#ab9733"><small class="groupsymbol">☆</small><span class="username">DrJargo</span>:</strong> <em>then why not bring it</em></div><div class="chat chatmessage-astralrifk"><strong style="color:#32a512"><small class="groupsymbol">☆</small><span class="username">Astral Rifk</span>:</strong> <em>thought ud bring a team w slightly diff mu here</em></div><div class="spacer battle-history"><br></div><div class="battle-history">Zeraora, come back!<br></div><div class="battle-history">Go! <strong>Hydrapple</strong>!<br></div><div class="spacer battle-history"><br></div><div class="battle-history">The opposing Ting-Lu used <strong>Earthquake</strong>!<br></div><div class="battle-history"><small>It's not very effective...</small><br></div><div class="battle-history"><small>(Hydrapple lost 7% of its health!)</small><br></div><div class="spacer battle-history"><br></div><div class="battle-history"><small>Hydrapple's HP was restored.</small><br></div><div class="spacer battle-history"><br></div><h2 class="battle-history">Turn 53</h2><div class="spacer battle-history"><br></div><div class="battle-history">Astral Rifk withdrew Ting-Lu!<br></div><div class="battle-history">Astral Rifk sent out Scizor (<strong>Scizor-Mega</strong>)!<br></div><div class="spacer battle-history"><br></div><div class="battle-history">Hydrapple used <strong>Earth Power</strong>!<br></div><div class="battle-history"><small>A critical hit!</small><br></div><div class="battle-history"><small>(The opposing Scizor lost 36% of its health!)</small><br></div><div class="battle-history"><small>The opposing Scizor's Sp. Def fell!</small><br></div><div class="spacer battle-history"><br></div><div class="battle-history"><small>The opposing Scizor's HP was restored.</small><br></div><div class="battle-history"><small>Hydrapple's HP was restored.</small><br></div><div class="spacer battle-history"><br></div><h2 class="battle-history">Turn 54</h2><div class="spacer battle-history"><br></div><div class="battle-history">The opposing Scizor used <strong>U-turn</strong>!<br></div><div class="battle-history"><small>It's super effective!</small><br></div><div class="battle-history"><small>(Hydrapple lost 51% of its health!)</small><br></div><div class="spacer battle-history"><br></div><div class="battle-history">The opposing Scizor went back to Astral Rifk!<br></div><div class="battle-history">Astral Rifk sent out <strong>Ting-Lu</strong>!<br></div><div class="battle-history">[The opposing Ting-Lu's Vessel of Ruin]<br><small>The opposing Ting-Lu's Vessel of Ruin weakened the Sp. Atk of all surrounding Pokémon!</small><br></div><div class="spacer battle-history"><br></div><div class="battle-history">Hydrapple used <strong>Earth Power</strong>!<br></div><div class="battle-history"><small>(The opposing Ting-Lu lost 14% of its health!)</small><br></div><div class="spacer battle-history"><br></div><div class="battle-history"><small>The opposing Ting-Lu's HP was restored.</small><br></div><div class="battle-history"><small>The opposing Ting-Lu restored a little HP using its Leftovers!</small><br></div><div class="battle-history"><small>Hydrapple's HP was restored.</small><br></div><div class="battle-history"><small>The grass disappeared from the battlefield.</small><br></div><div class="spacer battle-history"><br></div><h2 class="battle-history">Turn 55</h2><div class="spacer battle-history"><br></div><div class="battle-history">The opposing Ting-Lu used <strong>Spikes</strong>!<br></div><div class="battle-history"><small>Spikes were scattered on the ground all around your team!</small><br></div><div class="spacer battle-history"><br></div><div class="battle-history">Hydrapple used <strong>Recover</strong>!<br></div><div class="battle-history"><small>Hydrapple had its HP restored.</small><br></div><div class="spacer battle-history"><br></div><div class="battle-history"><small>The opposing Ting-Lu restored a little HP using its Leftovers!</small><br></div><div class="spacer battle-history"><br></div><h2 class="battle-history">Turn 56</h2><div class="spacer battle-history"><br></div><div class="battle-history">Hydrapple used <strong>Energy Ball</strong>!<br></div><div class="battle-history"><small>It's super effective!</small><br></div><div class="battle-history"><small>(The opposing Ting-Lu lost 40% of its health!)</small><br></div><div class="spacer battle-history"><br></div><div class="battle-history">The opposing Ting-Lu used <strong>Whirlwind</strong>!<br></div><div class="spacer battle-history"><br></div><div class="battle-history">Arcanine (<strong>Arcanine-Hisui</strong>) was dragged out!<br></div><div class="battle-history"><small>Arcanine was hurt by the spikes!</small><br></div><div class="spacer battle-history"><br></div><div class="battle-history"><small>The opposing Ting-Lu restored a little HP using its Leftovers!</small><br></div><div class="spacer battle-history"><br></div><h2 class="battle-history">Turn 57</h2><div class="spacer battle-history"><br></div><div class="battle-history">Astral Rifk withdrew Ting-Lu!<br></div><div class="battle-history">Astral Rifk sent out <strong>Alomomola</strong>!<br></div><div class="spacer battle-history"><br></div><div class="battle-history">Arcanine used <strong>Close Combat</strong>!<br></div><div class="battle-history"><small>(The opposing Alomomola lost 29% of its health!)</small><br></div><div class="battle-history"><small>Arcanine's Defense fell!</small><br></div><div class="battle-history"><small>Arcanine's Sp. Def fell!</small><br></div><div class="spacer battle-history"><br></div><h2 class="battle-history">Turn 58</h2><div class="spacer battle-history"><br></div><div class="battle-history">Arcanine, come back!<br></div><div class="battle-history">Go! <strong>Hydrapple</strong>!<br></div><div class="spacer battle-history"><br></div><div class="battle-history">The opposing Alomomola used <strong>Wish</strong>!<br></div><div class="spacer battle-history"><br></div><h2 class="battle-history">Turn 59</h2><div class="spacer battle-history"><br></div><div class="battle-history">Astral Rifk withdrew Alomomola!<br></div><div class="battle-history">Astral Rifk sent out <strong>Ting-Lu</strong>!<br></div><div class="battle-history">[The opposing Ting-Lu's Vessel of Ruin]<br><small>The opposing Ting-Lu's Vessel of Ruin weakened the Sp. Atk of all surrounding Pokémon!</small><br></div><div class="spacer battle-history"><br></div><div class="battle-history">Hydrapple used <strong>Earth Power</strong>!<br></div><div class="battle-history"><small>(The opposing Ting-Lu lost 13% of its health!)</small><br></div><div class="spacer battle-history"><br></div><div class="battle-history"><small>Alomomola's wish came true!</small><br></div><div class="battle-history"><small>The opposing Ting-Lu restored a little HP using its Leftovers!</small><br></div><div class="spacer battle-history"><br></div><h2 class="battle-history">Turn 60</h2><div class="spacer battle-history"><br></div><div class="battle-history">Hydrapple used <strong>Energy Ball</strong>!<br></div><div class="battle-history"><small>It's super effective!</small><br></div><div class="battle-history"><small>(The opposing Ting-Lu lost 37% of its health!)</small><br></div><div class="spacer battle-history"><br></div><div class="battle-history">The opposing Ting-Lu used <strong>Whirlwind</strong>!<br></div><div class="spacer battle-history"><br></div><div class="battle-history"><strong>Swellow</strong> was dragged out!<br></div><div class="spacer battle-history"><br></div><div class="battle-history"><small>The opposing Ting-Lu restored a little HP using its Leftovers!</small><br></div><div class="spacer battle-history"><br></div><h2 class="battle-history">Turn 61</h2><div class="spacer battle-history"><br></div><div class="battle-history">Swellow used <strong>Boomburst</strong>!<br></div><div class="battle-history"><small>(The opposing Ting-Lu lost 26% of its health!)</small><br></div><div class="spacer battle-history"><br></div><div class="battle-history">The opposing Ting-Lu used <strong>Whirlwind</strong>!<br></div><div class="spacer battle-history"><br></div><div class="battle-history"><strong>Zeraora</strong> was dragged out!<br></div><div class="battle-history"><small>Zeraora was hurt by the spikes!</small><br></div><div class="spacer battle-history"><br></div><div class="battle-history"><small>The opposing Ting-Lu restored a little HP using its Leftovers!</small><br></div><div class="spacer battle-history"><br></div><h2 class="battle-history">Turn 62</h2><div class="chat chatmessage-astralrifk"><strong style="color:#32a512"><small class="groupsymbol">☆</small><span class="username">Astral Rifk</span>:</strong> <em>ah yeah thats game</em></div><div class="spacer battle-history"><br></div><div class="battle-history">Zeraora, come back!<br></div><div class="battle-history">Go! <strong>Hydrapple</strong>!<br></div><div class="spacer battle-history"><br></div><div class="battle-history">The opposing Ting-Lu used <strong>Earthquake</strong>!<br></div><div class="battle-history"><small>It's not very effective...</small><br></div><div class="battle-history"><small>(Hydrapple lost 15% of its health!)</small><br></div><div class="spacer battle-history"><br></div><div class="battle-history"><small>The opposing Ting-Lu restored a little HP using its Leftovers!</small><br></div><div class="spacer battle-history"><br></div><h2 class="battle-history">Turn 63</h2><div class="spacer battle-history"><br></div><div class="battle-history">The opposing Ting-Lu used <strong>Stealth Rock</strong>!<br></div><div class="battle-history"><small>Pointed stones float in the air around your team!</small><br></div><div class="spacer battle-history"><br></div><div class="battle-history">Hydrapple used <strong>Energy Ball</strong>!<br></div><div class="battle-history"><small>It's super effective!</small><br></div><div class="battle-history"><small>(The opposing Ting-Lu lost 42% of its health!)</small><br></div><div class="spacer battle-history"><br></div><div class="battle-history"><small>The opposing Ting-Lu restored a little HP using its Leftovers!</small><br></div><div class="spacer battle-history"><br></div><h2 class="battle-history">Turn 64</h2><div class="spacer battle-history"><br></div><div class="battle-history">The opposing Ting-Lu used <strong>Spikes</strong>!<br></div><div class="battle-history"><small>Spikes were scattered on the ground all around your team!</small><br></div><div class="spacer battle-history"><br></div><div class="battle-history">Hydrapple used <strong>Energy Ball</strong>!<br></div><div class="battle-history"><small>It's super effective!</small><br></div><div class="battle-history"><small>(The opposing Ting-Lu lost 19% of its health!)</small><br></div><div class="spacer battle-history"><br></div><div class="battle-history">The opposing Ting-Lu fainted!<br></div><div class="spacer battle-history"><br></div><div class="battle-history">Astral Rifk sent out Scizor (<strong>Scizor-Mega</strong>)!<br></div><div class="spacer battle-history"><br></div><h2 class="battle-history">Turn 65</h2><div class="spacer battle-history"><br></div><div class="battle-history">The opposing Scizor used <strong>Roost</strong>!<br></div><div class="battle-history"><small>The opposing Scizor had its HP restored.</small><br></div><div class="spacer battle-history"><br></div><div class="battle-history">Hydrapple used <strong>Earth Power</strong>!<br></div><div class="battle-history"><small>A critical hit!</small><br></div><div class="battle-history"><small>(The opposing Scizor lost 34% of its health!)</small><br></div><div class="spacer battle-history"><br></div><h2 class="battle-history">Turn 66</h2><div class="spacer battle-history"><br></div><div class="battle-history">The opposing Scizor used <strong>Roost</strong>!<br></div><div class="battle-history"><small>The opposing Scizor had its HP restored.</small><br></div><div class="spacer battle-history"><br></div><div class="battle-history">Hydrapple used <strong>Earth Power</strong>!<br></div><div class="battle-history"><small>(The opposing Scizor lost 23% of its health!)</small><br></div><div class="spacer battle-history"><br></div><h2 class="battle-history">Turn 67</h2><div class="spacer battle-history"><br></div><div class="battle-history">The opposing Scizor used <strong>Roost</strong>!<br></div><div class="battle-history"><small>The opposing Scizor had its HP restored.</small><br></div><div class="spacer battle-history"><br></div><div class="battle-history">Hydrapple used <strong>Earth Power</strong>!<br></div><div class="battle-history"><small>(The opposing Scizor lost 22% of its health!)</small><br></div><div class="spacer battle-history"><br></div><h2 class="battle-history">Turn 68</h2><div class="spacer battle-history"><br></div><div class="battle-history">The opposing Scizor used <strong>U-turn</strong>!<br></div><div class="battle-history"><small>It's super effective!</small><br></div><div class="battle-history"><small>(Hydrapple lost 54% of its health!)</small><br></div><div class="spacer battle-history"><br></div><div class="battle-history">The opposing Scizor went back to Astral Rifk!<br></div><div class="battle-history">Astral Rifk sent out <strong>Alomomola</strong>!<br></div><div class="spacer battle-history"><br></div><div class="battle-history">Hydrapple used <strong>Earth Power</strong>!<br></div><div class="battle-history"><small>(The opposing Alomomola lost 26% of its health!)</small><br></div><div class="spacer battle-history"><br></div><h2 class="battle-history">Turn 69</h2><div class="spacer battle-history"><br></div><div class="battle-history">The opposing Alomomola used <strong>Wish</strong>!<br></div><div class="spacer battle-history"><br></div><div class="battle-history">Hydrapple used <strong>Recover</strong>!<br></div><div class="battle-history"><small>Hydrapple had its HP restored.</small><br></div><div class="spacer battle-history"><br></div><h2 class="battle-history">Turn 70</h2><div class="spacer battle-history"><br></div><div class="battle-history">Astral Rifk withdrew Alomomola!<br></div><div class="battle-history">Astral Rifk sent out Scizor (<strong>Scizor-Mega</strong>)!<br></div><div class="spacer battle-history"><br></div><div class="battle-history">Hydrapple, come back!<br></div><div class="battle-history">Go! <strong>Swellow</strong>!<br></div><div class="battle-history"><small>Pointed stones dug into Swellow!</small><br></div><div class="spacer battle-history"><br></div><div class="battle-history"><small>Alomomola's wish came true!</small><br></div><div class="spacer battle-history"><br></div><h2 class="battle-history">Turn 71</h2><div class="spacer battle-history"><br></div><div class="battle-history">The opposing Scizor used <strong>Bullet Punch</strong>!<br></div><div class="battle-history"><small>(Swellow lost 53% of its health!)</small><br></div><div class="spacer battle-history"><br></div><div class="battle-history">Swellow used <strong>Heat Wave</strong>!<br></div><div class="battle-history"><small>It's super effective!</small><br></div><div class="battle-history"><small>(The opposing Scizor lost 61% of its health!)</small><br></div><div class="spacer battle-history"><br></div><h2 class="battle-history">Turn 72</h2><div class="spacer battle-history"><br></div><div class="battle-history">The opposing Scizor used <strong>Bullet Punch</strong>!<br></div><div class="battle-history"><small>(Swellow lost 16% of its health!)</small><br></div><div class="spacer battle-history"><br></div><div class="battle-history">Swellow fainted!<br></div><div class="spacer battle-history"><br></div><div class="battle-history">Go! <strong>Zeraora</strong>!<br></div><div class="battle-history"><small>Zeraora was hurt by the spikes!</small><br></div><div class="battle-history"><small>Pointed stones dug into Zeraora!</small><br></div><div class="spacer battle-history"><br></div><h2 class="battle-history">Turn 73</h2><div class="spacer battle-history"><br></div><div class="battle-history">Zeraora used <strong>Plasma Fists</strong>!<br></div><div class="battle-history"><small>(The opposing Scizor lost 36% of its health!)</small><br></div><div class="battle-history"><small>A deluge of ions showers the battlefield!</small><br></div><div class="battle-history"><small>(Normal-type moves become Electric-type after using Plasma Fists.)</small><br></div><div class="spacer battle-history"><br></div><div class="battle-history">The opposing Scizor used <strong>Roost</strong>!<br></div><div class="battle-history"><small>The opposing Scizor had its HP restored.</small><br></div><div class="spacer battle-history"><br></div><h2 class="battle-history">Turn 74</h2><div class="spacer battle-history"><br></div><div class="battle-history">Zeraora used <strong>Plasma Fists</strong>!<br></div><div class="battle-history"><small>(The opposing Scizor lost 39% of its health!)</small><br></div><div class="battle-history"><small>A deluge of ions showers the battlefield!</small><br></div><div class="battle-history"><small>(Normal-type moves become Electric-type after using Plasma Fists.)</small><br></div><div class="spacer battle-history"><br></div><div class="battle-history">The opposing Scizor used <strong>U-turn</strong>!<br></div><div class="battle-history"><small>(Zeraora lost 29% of its health!)</small><br></div><div class="spacer battle-history"><br></div><div class="battle-history">Zeraora fainted!<br></div><div class="spacer battle-history"><br></div><div class="battle-history">The opposing Scizor went back to Astral Rifk!<br></div><div class="battle-history">Astral Rifk sent out <strong>Alomomola</strong>!<br></div><div class="spacer battle-history"><br></div><div class="battle-history">Go! <strong>Hydrapple</strong>!<br></div><div class="spacer battle-history"><br></div><h2 class="battle-history">Turn 75</h2><div class="spacer battle-history"><br></div><div class="battle-history">The opposing Alomomola used <strong>Wish</strong>!<br></div><div class="spacer battle-history"><br></div><div class="battle-history">Hydrapple used <strong>Earth Power</strong>!<br></div><div class="battle-history"><small>(The opposing Alomomola lost 29% of its health!)</small><br></div><div class="spacer battle-history"><br></div><h2 class="battle-history">Turn 76</h2><div class="spacer battle-history"><br></div><div class="battle-history">The opposing Alomomola used <strong>Protect</strong>!<br></div><div class="battle-history"><small>The opposing Alomomola protected itself!</small><br></div><div class="spacer battle-history"><br></div><div class="battle-history">Hydrapple used <strong>Earth Power</strong>!<br></div><div class="battle-history"><small>The opposing Alomomola protected itself!</small><br></div><div class="spacer battle-history"><br></div><div class="battle-history"><small>Alomomola's wish came true!</small><br></div><div class="spacer battle-history"><br></div><h2 class="battle-history">Turn 77</h2><div class="spacer battle-history"><br></div><div class="battle-history">The opposing Alomomola used <strong>Wish</strong>!<br></div><div class="spacer battle-history"><br></div><div class="battle-history">Hydrapple used <strong>Energy Ball</strong>!<br></div><div class="battle-history"><small>It's super effective!</small><br></div><div class="battle-history"><small>(The opposing Alomomola lost 82% of its health!)</small><br></div><div class="spacer battle-history"><br></div><h2 class="battle-history">Turn 78</h2><div class="spacer battle-history"><br></div><div class="battle-history">The opposing Alomomola used <strong>Protect</strong>!<br></div><div class="battle-history"><small>The opposing Alomomola protected itself!</small><br></div><div class="spacer battle-history"><br></div><div class="battle-history">Hydrapple used <strong>Fickle Beam</strong>!<br></div><div class="battle-history"><small>The opposing Alomomola protected itself!</small><br></div><div class="spacer battle-history"><br></div><div class="battle-history"><small>Alomomola's wish came true!</small><br></div><div class="spacer battle-history"><br></div><h2 class="battle-history">Turn 79</h2><div class="spacer battle-history"><br></div><div class="battle-history">The opposing Alomomola used <strong>Wish</strong>!<br></div><div class="spacer battle-history"><br></div><div class="battle-history">Hydrapple used <strong>Energy Ball</strong>!<br></div><div class="battle-history"><small>It's super effective!</small><br></div><div class="battle-history"><small>(The opposing Alomomola lost 68% of its health!)</small><br></div><div class="spacer battle-history"><br></div><div class="battle-history">The opposing Alomomola fainted!<br></div><div class="spacer battle-history"><br></div><div class="battle-history">Astral Rifk sent out Scizor (<strong>Scizor-Mega</strong>)!<br></div><div class="spacer battle-history"><br></div><h2 class="battle-history">Turn 80</h2><div class="spacer battle-history"><br></div><div class="battle-history">The opposing Scizor used <strong>Roost</strong>!<br></div><div class="battle-history"><small>The opposing Scizor had its HP restored.</small><br></div><div class="spacer battle-history"><br></div><div class="battle-history">Hydrapple used <strong>Earth Power</strong>!<br></div><div class="battle-history"><small>(The opposing Scizor lost 24% of its health!)</small><br></div><div class="spacer battle-history"><br></div><div class="battle-history"><small>Alomomola's wish came true!</small><br></div><div class="spacer battle-history"><br></div><h2 class="battle-history">Turn 81</h2><div class="spacer battle-history"><br></div><div class="battle-history">The opposing Scizor used <strong>U-turn</strong>!<br></div><div class="battle-history"><small>It's super effective!</small><br></div><div class="battle-history"><small>(Hydrapple lost 53% of its health!)</small><br></div><div class="spacer battle-history"><br></div><div class="battle-history">Hydrapple used <strong>Fickle Beam</strong>!<br></div><div class="battle-history"><small>It's not very effective...</small><br></div><div class="battle-history"><small>(The opposing Scizor lost 14% of its health!)</small><br></div><div class="spacer battle-history"><br></div><h2 class="battle-history">Turn 82</h2><div class="spacer battle-history"><br></div><div class="battle-history">Hydrapple, come back!<br></div><div class="battle-history">Go! Arcanine (<strong>Arcanine-Hisui</strong>)!<br></div><div class="battle-history"><small>Arcanine was hurt by the spikes!</small><br></div><div class="battle-history"><small>Pointed stones dug into Arcanine!</small><br></div><div class="spacer battle-history"><br></div><div class="battle-history">Arcanine fainted!<br></div><div class="battle-history">The opposing Scizor used <strong>U-turn</strong>!<br></div><div class="battle-history"><small>But it failed!</small><br></div><div class="spacer battle-history"><br></div><div class="battle-history">Go! <strong>Hydrapple</strong>!<br></div><div class="spacer battle-history"><br></div><h2 class="battle-history">Turn 83</h2><div class="spacer battle-history"><br></div><div class="battle-history">The opposing Scizor used <strong>U-turn</strong>!<br></div><div class="battle-history"><small>It's super effective!</small><br></div><div class="battle-history"><small>(Hydrapple lost 52% of its health!)</small><br></div><div class="spacer battle-history"><br></div><div class="battle-history">Hydrapple used <strong>Recover</strong>!<br></div><div class="battle-history"><small>Hydrapple had its HP restored.</small><br></div><div class="spacer battle-history"><br></div><h2 class="battle-history">Turn 84</h2><div class="spacer battle-history"><br></div><div class="battle-history">The opposing Scizor used <strong>U-turn</strong>!<br></div><div class="battle-history"><small>It's super effective!</small><br></div><div class="battle-history"><small>(Hydrapple lost 53% of its health!)</small><br></div><div class="spacer battle-history"><br></div><div class="battle-history">Hydrapple used <strong>Fickle Beam</strong>!<br></div><div class="battle-history"><small>Hydrapple is going all out for this attack!</small><br></div><div class="battle-history"><small>It's not very effective...</small><br></div><div class="battle-history"><small>(The opposing Scizor lost 31% of its health!)</small><br></div><div class="spacer battle-history"><br></div><h2 class="battle-history">Turn 85</h2><div class="spacer battle-history"><br></div><div class="battle-history">The opposing Scizor used <strong>U-turn</strong>!<br></div><div class="battle-history"><small>It's super effective!</small><br></div><div class="battle-history"><small>(Hydrapple lost 26% of its health!)</small><br></div><div class="spacer battle-history"><br></div><div class="battle-history">Hydrapple fainted!<br></div><div class="spacer battle-history"><br></div><div class="battle-history"><strong>Astral Rifk</strong> won the battle!<br></div><div class="chat chatmessage-drjargo"><strong style="color:#ab9733"><small class="groupsymbol">☆</small><span class="username">DrJargo</span>:</strong> <em>god I hate playing against you</em></div></div><div class="inner-preempt message-log"></div></div></div>
</div>
<script>
let daily = Math.floor(Date.now()/1000/60/60/24);document.write('<script src="https://play.pokemonshowdown.com/js/replay-embed.js?version'+daily+'"></'+'script>');
</script>
